2467 3850
335 175 459 241 262
1191 173 1256 236 C.
1300 172 1494 236 PLINI

335 336 570 407 quantae
591 326 972 405 benignitatis,
1003 329 1189 406 quanti
1219 330 1449 406 spiritus
1480 326 1650 387 fuerit
1679 344 1902 408 sparsas
1931 337 2121 408 atque,
2146 337 2206 389 ut
2235 329 2312 391 ita

334 411 544 488 dicam,
587 411 803 472 laceras
843 411 1184 488 gentilitates
1229 410 1504 489 colligere
1533 421 1700 489 atque
1731 422 2036 474 conectere
2066 422 2124 471 et
2150 416 2312 491 ‘quasi

335 496 555 556 renasci
597 496 823 563 iubere;
875 495 1099 555 deferre
1127 495 1295 572 'quod
1335 495 1695 573 negabatur„
1729 504 1895 574 atque
1937 497 1995 556 id
2020 506 2309 575 praestare

337 581 556 640 cunctis
585 578 733 656 quod
764 598 940 658 saepe
971 578 1176 655 singuli
1217 597 1328 639 non
1367 582 1769 657 inpetrassent;
1811 589 2098 658 postremo
2131 582 2311 659 ipsum

335 664 440 723 sibi
473 664 695 740 eripere
725 672 806 722 tot
834 663 1233 722 beneficiorum
1252 665 1632 737 occasiones,
1665 672 1773 723 tam
1801 681 2148 724 numerosam
2170 664 2358 724 obli-5
2460 715 2461 740 ξ

335 746 499 824 gandi
529 746 925 824 inputandique
957 749 1258 805 materiam.
1301 745 1591 824 Indignum
1621 747 1794 807 credo
1824 749 1878 807 ei
1911 750 2088 808 visum
2121 748 2189 808 ab
2211 748 2310 807 ho·

336 833 483 890 mine
515 832 630 908 peti
663 829 811 906 quod
841 830 914 890 dii
945 830 1252 892 dedissent.
1299 831 1473 889 Soror
1500 832 1638 890 estis
1659 839 1717 890 et
1738 830 1942 907 frater,
1973 849 2110 896 avus
2132 839 2192 889 et
2214 850 2311 890 ne-

334 923 533 993 potes:
566 913 698 991 quid
727 923 815 973 est
846 932 984 990 ergo
1016 932 1117 973 cur
1146 917 1364 990 rogetis
1391 924 1451 973 ut
1481 910 1646 974 sitis?
1698 915 1862 974 vobis
1894 917 2051 975 estis,
2080 950 2085 953 ·
2123 912 2311 986 Quid?

335 1015 441 1077 pro
482 1006 672 1057 cetera
714 1016 814 1057 sua
846 996 1226 1057 moderatione
1268 1015 1379 1056 non
1414 1000 1590 1057 minus
1629 998 1958 1058 invidiosum
1987 1006 2140 1076 putat
2175 997 2307 1060 dare

334 1081 702 1142 hereditatem
729 1100 891 1159 quam
918 1080 1159 1141 auferre.
1199 1081 1353 1141 Laeti
1384 1098 1523 1158 ergo
1551 1080 1698 1141 adite
1721 1081 1986 1156 honores,
2026 1082 2309 1158 capessite
2329 1083 2391 1134 10

339 1167 646 1225 civitatem:
678 1168 954 1224 neminem
981 1165 1090 1224 boc
1111 1165 1543 1226 necessitudinis
1563 1165 1856 1242 abruptum
1879 1165 2034 1224 velut
2056 1175 2314 1225 truncum
2460 1167 2461 1222 l

336 1258 779 1327 amputatumque
811 1248 1106 1309 destituet:
1158 1248 1336 1309 isdem
1366 1266 1560 1309 omnes
1590 1249 1791 1326 quibus
1812 1257 1939 1308 ante
1961 1250 2311 1326 pignoribus,
2460 1257 2461 1260 ’

338 1331 441 1392 sed
478 1331 836 1391 honestiores
877 1332 1253 1408 perfruentur.
1318 1332 1404 1392 Ac
1449 1351 1522 1392 ne
1562 1341 1811 1393 remotus
1842 1332 2064 1410 quidem
2095 1334 2311 1410 iamque

338 1415 651 1474 deficientis
698 1413 990 1474 adfinitatis
1035 1417 1273 1493 gradus,
1321 1434 1353 1476 a
1382 1416 1628 1495 qualibet
1658 1419 1958 1493 quantitate
1988 1417 2312 1476 vicesimam
2460 1451 2461 1514 l

338 1498 549 1557 inferre
590 1507 845 1574 cogetur.
910 1499 1108 1561 Statuit
1137 1502 1285 1559 enim
1327 1497 1629 1559 communis
1659 1503 1898 1559 omnium
1927 1517 2131 1577 parens
2162 1517 2308 1562 sum·
2327 1501 2387 1555 15
2460 1525 2461 1530 1

239 1577 321 1639 40
343 1599 484 1640 mam
517 1598 659 1658 quae
700 1581 1052 1658 publicanum
1093 1585 1206 1662 pati
1247 1585 1446 1661 possit.
1522 1581 1765 1643 Carebit
1790 1601 1962 1643 onere
2004 1584 2311 1643 vicesimae

340 1682 510 1742 parva
543 1673 600 1724 et
629 1665 791 1724 exilis
821 1666 1136 1743 hereditaS,
1164 1676 1222 1726 et
1251 1670 1297 1730 si
1325 1670 1400 1727 ita
1437 1675 1628 1744 gratus
1659 1667 1828 1728 heres
1858 1666 2045 1743 volet,
2078 1675 2192 1727 tota
2216 1684 2312 1725 se·
2460 1659 2461 1710 l

337 1747 572 1829 pulcr0,
601 1757 717 1809 tota
745 1748 923 1808 funeri
948 1752 1177 1811 serviet.
1221 1749 1402 1810 Nemo
1431 1751 1788 1827 observator,
1821 1767 1985 1810 nemo
2011 1752 2314 1826 castigator

338 1832 592 1892 adsistet.
635 1830 981 1911 Cuicumque
1011 1834 1227 1896 modica
1255 1836 1494 1912 pecunia
1525 1852 1598 1893 ex
1618 1834 1928 1894 hereditate
1950 1833 2185 1894 alicuius
2209 1833 2311 1893 ob-

336 1918 589 1994 venerit,
634 1934 868 1978 securus
897 1917 1097 1978 habeat
1134 1920 1473 1996 quietusque
1501 1918 1808 1998 possideat.
1867 1917 1952 1978 Ea
1978 1917 2075 1979 lex
2101 1918 2394 1978 vicem-2⁰

336 2017 460 2060 mae
498 2000 646 2061 dicta
683 2009 769 2061 est
809 2010 870 2061 ut
905 2001 975 2061 ad
1020 2001 1332 2079 periculum
1364 2005 1487 2062 eius
1517 2005 1799 2081 perveniri
1830 2004 1936 2062 nisi
1965 2002 2169 2079 opibus
2200 2018 2315 2061 non

337 2086 540 2164 possit.
584 2082 874 2145 Conversa
902 2095 991 2145 est
1019 2087 1278 2163 iniquitas
1309 2088 1364 2144 in
1397 2085 1857 2162 gratulationem,
1900 2088 2096 2145 iniuria
2123 2088 2178 2144 in
2208 2102 2311 2144 vo-

336 2178 481 2228 tum:
533 2177 687 2245 optat
721 2168 891 2228 heres
942 2179 1003 2229 ut
1043 2170 1363 2229 vicesimam
1397 2169 1616 2229 debeat.
1693 2169 1955 2229 Additum
1995 2178 2084 2229 est
2113 2179 2173 2228 ut
2215 2169 2316 2246 qui

339 2251 610 2309 eiusmodi
651 2270 724 2310 ex
764 2255 947 2312 causis
988 2254 1044 2312 in
1084 2253 1228 2312 diem
1261 2253 1430 2313 edicti
1460 2253 1783 2314 vicesimam
1810 2252 2116 2328 deberent,
2170 2270 2313 2312 non·

338 2332 466 2391 dum
495 2343 677 2392 tamen
706 2335 1052 2413 intulissent,
1105 2354 1217 2395 non
1247 2337 1535 2396 inferrent.
1603 2337 1679 2395 At
1709 2338 1763 2397 in
1791 2339 2149 2414 praeteritum
2177 2336 2395 2397 sub-25

338 2417 532 2477 venire
560 2434 631 2474 ne
666 2416 738 2475 dii
768 2418 989 2495 quidem
1019 2429 1286 2497 possunt:
1318 2430 1378 2480 tu
1404 2429 1590 2480 tamen
1623 2420 1968 2496 subvenisti,
2000 2421 2317 2497 cavistique

337 2510 398 2560 ut
427 2499 710 2560 desineret
742 2503 978 2579 quisque
1010 2502 1220 2563 debere
1246 2503 1398 2582 quod
1426 2524 1545 2566 uon
1577 2513 1733 2563 esset
1767 2513 1968 2581 postea
1997 2503 2314 2578 debiturus,

336 2585 393 2645 id
423 2594 514 2644 est
542 2583 785 2644 effecisti
815 2603 885 2645 ne
915 2585 1089 2646 malos
1120 2588 1408 2665 principes
1439 2587 1844 2648 habuissemus.
1903 2586 2029 2659 Quo
2059 2588 2314 2664 ingenio,

335 2671 388 2732 si
422 2678 612 2735 natura
640 2678 957 2747 pateretur,
1042 2688 1165 2729 uam
1192 2670 1437 2731 libenter
1463 2680 1544 2730 tot
1575 2671 1861 2750 spoliatis,
1910 2666 2315 2730 tot‘trucidatis

336 2755 660 2831 sanguinem
689 2761 747 2812 et
777 2753 922 2812 bona
950 2771 1011 2813 re
1039 2753 1290 2815 udisses!
1332 2753 1575 2815 Vetuisti
1606 2756 1757 2832 exigi
1791 2754 1939 2832 quod
1973 2754 2167 2814 deberi
2198 2763 2401 2818 nonae

334 2847 431 2897 tuo
462 2835 704 2896 saeculo
726 2845 1013 2914 coeperat.
1060 2836 1222 2898 Alius
1252 2846 1313 2897 ut
1341 2840 1758 2901 contumacibus
1783 2841 2120 2899 irasceretur
2143 2836 2316 2897 tardi-

333 2928 616 2997 tatemque
647 2918 904 2980 solvendi
938 2920 1088 2998 dupli
1115 2921 1211 2980 vel
1239 2931 1296 2980 et
1323 2921 1614 3000 quadrupli
1646 2925 1990 2999 inrogatione
2021 2921 2317 2981 multaret:

336 3011 394 3060 tu
424 3003 556 3063 nihil
586 3004 803 3063 referre
834 3005 1133 3083 ianuitatis
1173 3007 1487 3081 existimaS,
1539 3007 1736 3083 exigas
1772 3005 1923 3084 quod
1965 3005 2157 3065 deberi
2200 3022 2321 3064 nou

236 3085 315 3150 41
338 3088 680 3162 oportuerit,
712 3105 780 3146 an
812 3091 1117 3151 constituas
1146 3098 1208 3148 ut
1239 3087 1550 3149 debeatur?
1605 3089 1813 3167 Feres,
1847 3088 2088 3165 Caesar,
2122 3088 2321 3147 curam

336 3175 396 3225 et
431 3166 862 3229 sollicitudinem
906 3170 1274 3231 consularem.
1345 3170 1484 3232 Nam
1523 3173 1654 3231 mihi
1687 3175 1951 3250 cogitanti
1982 3172 2224 3232 eundem
2251 3180 2403 3236 teas>

335 3248 669 3309 collationes
702 3254 1021 3330 remisisse,
1053 3253 1369 3316 donativum
1395 3256 1742 3332 reddidisse,
1777 3258 2117 3333 congiarium
2148 3256 2321 3315 obtu-

334 3331 504 3406 lisse,
537 3329 818 3392 delatores
853 3335 1153 3413 abegisse,
1199 3338 1502 3416 vectigalia
1530 3350 1917 3418 temperasse,
1961 3341 2319 3416 interrogau-

336 3412 440 3472 dus
470 3411 678 3471 videris
706 3417 912 3476 satisne
944 3420 1337 3497 conputav'eris
1366 3424 1583 3503 imperii
1612 3423 1845 3485 reditus.
1897 3423 1987 3484 An
2020 3431 2200 3484 tantas
2232 3422 2320 3481 vi-
