2467 3850
24 3402 30 3593 l

24 3630 30 3821 5

638 151 1160 214 EPISTULARUM
1188 151 1317 214 1111.
1350 166 1431 216 ιε».
1461 164 1545 218 16.
1570 162 1653 218 17.
2069 157 2150 221 79

145 307 486 386 propinquis
531 304 954 381 consularibus,
1012 306 1218 384 quibus
1273 308 1479 369 iudicio
1523 309 1772 385 ipsorum
1818 325 2149 387 quamquam

144 388 614 451 adulescentulus
647 388 830 450 adbuc
857 392 964 450 iam
993 400 1182 450 tamen
1209 393 1454 452 invicem
1482 400 1808 452 ornamento
1838 401 1945 453 est.
2012 393 2145 454 Pro·
2166 413 2227 463 ll

146 476 277 535 inde
310 473 543 552 indulge
574 474 845 552 precibus
874 475 1053 549 meis,
1098 475 1424 554 obsequere
1460 474 1735 553 consilio,
1779 486 1837 537 et
1870 486 1997 537 ante
2029 495 2146 537 om·

146 560 259 636 nia,
289 561 340 618 si
369 558 640 618 festinare
667 557 901 635 videor,
949 560 1190 636 ignosce
1208 604 1226 635 ‚
1261 561 1531 637 primum,
1562 559 1716 638 quod
1743 561 1798 619 in
1828 579 1896 620 ea
1919 564 2146 622 civitate

106 645 209 705 5in
247 660 360 721 qua
395 645 577 702 omnia
612 644 771 721 quasi
807 642 877 702 ab
919 643 1335 720 occupantibus
1376 653 1618 721 aguntur
1657 661 1802 721 quae
1826 644 2147 722 ‘legitimum

149 737 377 805 tempus
406 735 713 806 expectant
741 743 854 786 non
879 734 1090 787 matura
1119 726 1226 787 sed
1256 745 1384 788 sera
1419 736 1582 806 sunt,
1615 727 1842 804 deinde,
1874 729 2027 806 quod
2058 748 2146 790 re·

144 829 270 870 rum
305 828 448 888 quas
482 810 717 889 adsequi
757 812 953 889 cupias
993 813 1383 890 praesumptio
1424 814 1547 891 ipsa
1591 811 1829 872 iucunda
1864 822 1974 874 est.
2033 812 2144 874 Re·
2165 828 2229 879 12

146 904 413 955 vereatur
439 896 548 954 iam
581 904 639 955 te
673 894 882 955 Bassus
913 904 974 956 ut
1006 894 1335 973 consulem,
1382 905 1443 955 tu
1484 895 1658 973 dilige
1698 895 1854 956 illum
1884 907 1945 959 ut
1975 915 2147 976 quae-

148 989 387 1056 storem,
417 995 525 1039 nos
557 978 802 1058 deniqne
839 981 1130 1059 utriusque
1157 989 1410 1041 vestrum
1431 982 1789 1041 amantissimi
1814 981 2027 1042 laetitia
2050 982 2146 1041 du·

74 1063 291 1142 loplici
330 1063 697 1142 perfruamur.
761 1060 988 1126 Etenim
1029 1080 1155 1122 cum
1197 1067 1284 1125 sic
1325 1073 1416 1141 te,
1474 1066 1560 1125 sic
1588 1063 1822 1125 Bassum
1850 1065 2145 1144 diligamus
2166 1077 2232 1132 13

146 1157 209 1207 ut
236 1156 298 1208 et
324 1146 479 1207 illum
514 1149 919 1226 cuiuscumque
959 1156 1019 1208 et
1056 1157 1210 1207 tuum
1250 1165 1661 1228 quemcumque
1705 1159 2063 1227 quaestorem
2091 1153 2146 1211 in

146 1231 414 1310 petendis
466 1231 774 1292 bonoribus
828 1234 977 1291 omni
1032 1249 1147 1311 ope
1198 1232 1394 1292 labore
1446 1235 1626 1310 gratia
1665 1234 1838 1294 simus
1881 1236 2144 1312 intraturi,

146 1333 424 1394 perquam
453 1316 754 1376 iucundum
781 1316 948 1376 nobis
977 1318 1121 1394 erit,
1162 1318 1211 1376 si
1239 1318 1294 1376 in
1327 1316 1568 1377 eundem
1603 1318 1866 1377 iuvenem
1903 1318 2145 1380 studium

146 1410 404 1460 nostrum
445 1410 503 1461 et
536 1401 812 1461 amicitiae
854 1418 1015 1460 meae
1056 1409 1117 1461 et
1156 1400 1486 1462 consulatus
1528 1403 1608 1460 tui
1642 1402 1784 1462 ratio
1816 1403 2142 1481 contulerit,

73 1496 130 1548 15
144 1485 194 1544 si
233 1483 479 1563 denique
532 1485 801 1562 precibus
844 1485 986 1545 meis
1026 1494 1088 1545 tu
1138 1487 1492 1564 potissimum
1534 1484 1754 1545 adiutor
1796 1490 2142 1566 accesseris,

146 1570 310 1630 cuius
340 1578 398 1628 et
427 1569 697 1646 suffragio
736 1578 969 1630 senatus
1010 1569 1383 1631 libentissime
1417 1568 1706 1647 indulgeat
1735 1581 1792 1632 et
1820 1574 2143 1633 testimonio

145 1652 444 1730 plurimum
471 1652 681 1714 credat.
743 1653 903 1713 Vale.

1076 1785 1230 1847 xvl.

538 1885 591 1938 C.
631 1885 879 1939 PLINIUS
908 1884 1195 1938 VALERIO
1232 1884 1509 1938 PAULINO
1547 1884 1667 1937 SUO
1700 1883 1754 1941 S.

280 1987 471 2049 Gaude
500 2006 663 2066 meo,
694 1990 878 2067 gaude
909 1999 1040 2066 tuo,
1071 1988 1255 2067 gaude
1288 1990 1455 2049 etiam
1487 1987 1720 2066 publico
1751 1988 2007 2047 nomine:
2049 1988 2143 2048 ad·
2164 2000 2192 2049 1

146 2074 260 2133 huc
289 2073 476 2133 bonor
502 2074 704 2134 studiis
739 2074 918 2134 durat.
972 2072 1232 2135 Proxime
1274 2090 1402 2133 cum
1433 2073 1686 2133 dicturus
1716 2071 1864 2150 apud
1893 2082 2141 2132 centum-

143 2159 303 2217 viros
327 2175 551 2234 essem,
584 2157 823 2218 adeundi
847 2158 980 2218 mihi
1007 2157 1171 2219 locus
1198 2159 1310 2220 nisi
1332 2176 1364 2218 a
1393 2155 1690 2234 tribunali,
1724 2157 1832 2216 nisi
1857 2158 2141 2236 peripsos

145 2242 370 2302 iudices
404 2259 517 2302 non
545 2241 679 2302 fuit:
734 2251 883 2302 tanta
924 2245 1231 2321 stipatione
1274 2252 1469 2302 cetera
1497 2242 1853 2302 tenebantur.
1911 2241 2001 2300 Ad
2030 2242 2193 2301 hoc2

67 2326 371 2404 25quidam
418 2335 647 2386 ornatus
690 2326 1029 2388 adulescens
1071 2328 1272 2388 scissis
1322 2328 1564 2401 tunicis,
1622 2334 1681 2384 ut
1725 2326 1781 2385 in
1820 2325 2144 2419 frequentia

144 2411 300 2470 solet
335 2411 480 2487 fieri,
518 2409 641 2470 sola
670 2410 893 2471 velatus
922 2420 1057 2489 toga
1080 2413 1354 2490 perstitit,
1383 2421 1443 2471 et
1465 2409 1696 2488 quidem
1717 2408 1874 2470 horis
1897 2419 2029 2488 sept
2126 2453 2141 2467 .

143 2493 285 2554 Nam
320 2504 431 2554 tam
461 2495 554 2554 din
585 2495 701 2556 dixi
730 2513 935 2573 magno
966 2513 1093 2556 cnm
1119 2496 1342 2574 labore,
1376 2497 1589 2555 maiore
1619 2511 1745 2553 cum
1769 2420 2194 2641 infin-3

142 2580 379 2639 deamus
407 2596 549 2657 ergo
581 2598 691 2639 nec
718 2579 969 2641 desidiae
993 2590 1222 2641 nostrae
1255 2579 1685 2658 praetendamus
1708 2577 1855 2638 alien
1951 2622 1965 2636 .
2003 2580 2144 2638 Sunt

143 2666 241 2741 qui
276 2663 540 2741 audiant,
582 2675 712 2724 sunt
743 2667 838 2742 qui
875 2665 1098 2742 legant,
1142 2683 1247 2726 nos
1279 2664 1449 2724 modo
1486 2663 1712 2742 dignum
1743 2662 1957 2739 aliquid
1996 2663 2143 2722 auri-

68 2746 271 2825 aobus,
305 2748 535 2826 dignum
564 2748 770 2809 chartis
802 2749 1176 2810 elaboremus.
1242 2748 1406 2809 Vale.

594 2980 651 3035 C.
687 2979 937 3033 PLINIUS
974 2882 1191 3032 ASIJlKVYOI
1193 2880 1430 3031 1’GALLO
1470 2979 1587 3032 SUO
1626 2979 1678 3032 S.

266 3081 344 3142 Et
383 3083 652 3144 admones
694 3093 754 3143 et
786 3101 958 3161 rogas
999 3092 1059 3142 ut
1101 3083 1409 3161 suscipiam
1449 3096 1674 3142 causam
1717 3079 2002 3142 Corelliae
2045 3081 2189 3144 ab·1

65 3170 324 3232 &nentis
360 3177 555 3227 contra
597 3166 665 3228 C.
702 3165 1051 3243 Caecilium,
1089 3166 1382 3227 consulem
1413 3167 1789 3244 designatum.
1849 3165 2016 3240 Quod
2046 3166 2139 3225 ad-

143 3269 345 3312 mones
391 3254 603 3330 gratias
641 3270 787 3330 ago,
829 3251 983 3332 quod
1018 3270 1188 3329 rogas
1235 3268 1465 3329 queror.
1529 3250 1835 3310 Admoneri
1866 3251 2015 3310 euim
2044 3250 2138 3308 de-

143 3336 291 3413 beo,
324 3346 386 3396 ut
416 3339 626 3413 sciam,
661 3339 851 3415 rogari
883 3355 998 3396 non
1026 3337 1213 3396 debeo
1250 3345 1309 3396 ut
1337 3336 1535 3395 faciam
1567 3335 1719 3413 quod
1754 3334 1887 3394 mihi
1917 3352 2030 3394 non
2059 3333 2137 3392 fa-

147 3439 281 3482 cere
313 3423 702 3502 turpissimum
749 3431 859 3483 est.
918 3421 1008 3482 An
1047 3438 1159 3498 ego
1202 3423 1349 3481 tueri
1385 3418 1602 3481 Corelli
1649 3419 1815 3480 filiam
1845 3419 2094 3479 dubitem
2108 3413 2187 3476 '?2

70 1920 132 1974 20
