2467 3850
738 176 1256 240 EPISTULARUM
1283 177 1355 236 V.
1385 189 1435 240 l.
1464 189 1516 240 2.
1540 186 1590 242 3.
1682 269 1699 284 .
2075 180 2158 243 89

167 332 414 394 cordiae.
474 328 557 390 lbi
600 347 713 407 ego
756 332 828 389 ‘si
863 336 1060 389 mater'
1107 332 1327 408 inquam
1368 335 1448 389 ‘te
1491 348 1564 389 ex
1602 341 1760 408 parte
1795 342 1985 410 quarta
2017 335 2155 393 scri·

166 419 384 495 psisset
411 415 702 490 heredem,
737 431 867 473 num
896 417 1056 491 queri
1082 411 1333 493 posses?
1375 412 1522 485 Quid
1554 416 1601 475 si
1630 413 1897 475 heredem
1933 416 2156 493 quidem

168 500 504 560 instituisset
535 517 607 557 ex
634 516 798 574 asse,
830 497 933 558 sed
961 497 1166 574 legatis
1195 500 1272 556 ita
1302 497 1659 558 exhausisset
1688 509 1748 559 ut
1775 516 1887 558 non
1916 500 2154 577 amplius

166 584 316 662 apud
350 592 409 642 te
438 600 603 660 quam
637 591 830 659 quarta
857 577 1216 641 remaneret?
1244 579 1422 657 Igitur
1450 581 1718 642 sufficere
1750 583 1849 642 tibi
1876 582 2071 661 debet,
2104 585 2153 643 si

118 666 546 727 fiexheredatus
585 683 617 724 a
646 674 822 724 matre
867 674 1116 742 quartam
1148 681 1183 741 p
1272 683 1363 724 em
1400 664 1469 724 ab
1515 665 1820 726 heredibus
1853 669 1975 726 eius
2004 669 2153 727 acci·

168 753 327 829 pias,
366 767 527 828 quam
554 759 739 809 tamen
771 765 883 824 ego
913 749 1153 824 augebo,
1253 750 1335 807 cis
1365 757 1424 807 te
1452 766 1563 807 non
1594 749 2004 828 subscripsisse
2032 769 2147 810 me·
2172 760 2238 812 10

169 851 298 894 cum
327 843 388 894 ct
419 835 524 891 iam
557 833 834 892 biennium
864 834 1135 892 transisse
1169 833 1465 909 omniaque
1494 850 1584 891 me
1616 852 1720 892 usu
1751 836 1996 912 cepisse.
2038 833 2153 893 Sed
2183 841 2193 856 ⁶

133 914 141 920 ’
167 926 228 977 ut
257 926 315 976 te
354 914 671 977 coheredes
700 918 810 974 mei
841 914 1279 975 tractabiliorem
1309 917 1669 992 experiantur
1698 927 1870 996 utque
1899 918 1998 975 tibi
2018 916 2152 976 nihil

166 999 462 1060 abstulerit
504 1001 822 1059 reverentia
861 1000 1003 1075 mei,
1055 999 1235 1058 offero
1275 1015 1380 1076 pro
1417 1017 1542 1059 mea
1579 1010 1740 1078 parte
1786 1000 2152 1061 tantundem!

20 1108 26 1122 ·
88 1097 153 1148 lo
171 1083 296 1143 Tuli
336 1084 578 1143 fructum
605 1100 717 1141 nou
748 1084 1130 1142 conscientiae
1168 1082 1336 1142 modo
1364 1100 1560 1141 verum
1596 1086 1760 1143 etiam
1789 1085 1985 1146 famae.
2045 1082 2152 1145 Ille
2172 1092 2233 1144 11

169 1185 313 1244 ergo
344 1164 614 1226 Curianus
642 1166 889 1243 legatum
915 1166 1046 1225 mihi
1073 1166 1300 1243 reliquit
1327 1175 1386 1225 et
1414 1165 1619 1226 factum
1641 1186 1847 1245 meum,
1879 1170 1985 1228 nisi
2005 1167 2152 1229 forte

168 1250 429 1311 blandior
474 1249 637 1327 mihi,
683 1252 965 1328 antiquum
1003 1250 1234 1309 notabili
1281 1249 1495 1308 honore
1538 1252 1795 1327 signavit.
1859 1250 2015 1312 Haec
2054 1253 2153 1312 tibi
2171 1257 2239 1310 12

167 1336 397 1413 scripsi,
431 1336 558 1412 quia
585 1333 658 1393 de
688 1333 943 1394 omnibus
972 1351 1115 1411 quae
1141 1352 1231 1392 me
1260 1332 1355 1392 vel
1386 1331 1669 1394 delectant
1694 1334 1788 1395 vel
1817 1344 2022 1412 angunt
2041 1352 2153 1394 non

165 1417 333 1477 aliter
367 1428 554 1478 tecum
596 1433 761 1495 quam
798 1434 1019 1477 mecum
1047 1416 1203 1496 loqui
1236 1416 1430 1485 soleo;
1485 1415 1721 1495 deinde,
1766 1419 1917 1498 quod
1959 1418 2153 1478 durum

86 1509 150 1560 15
168 1501 549 1561 existimabam
573 1510 630 1560 te
658 1502 1091 1572 amantissimum
1109 1502 1220 1560 mei
1249 1499 1505 1561 fraudare
1533 1500 1822 1579 voluptate
1843 1521 2005 1580 quam
2027 1505 2152 1581 ipse

168 1585 477 1662 capiebam.
541 1583 745 1662 Neque
781 1587 928 1644 enim
969 1601 1090 1644 sum
1130 1594 1243 1644 tam
1276 1586 1503 1662 sapiens
1532 1594 1591 1644 ut
1619 1585 1752 1644 nihil
1785 1605 1908 1645 mea
1935 1588 2152 1646 intersit
2172 1590 2239 1643 13

164 1686 235 1727 an
267 1670 335 1728 iis
367 1687 509 1746 quae
537 1668 779 1729 honeste
819 1669 1033 1728 fecisse
1075 1686 1166 1727 me
1208 1668 1381 1728 credo
1422 1669 1746 1728 testificatio
1790 1670 2061 1747 quaedam
2094 1679 2152 1729 et

166 1755 325 1830 quasi
365 1756 667 1829 praemium
691 1752 945 1813 accedat.
1010 1751 1173 1811 Vale.

1120 1884 1194 1945 ΙΙ.

535 1987 588 2042 ο.
623 1986 871 2039 PL1N1US
906 1985 1265 2061 GALPURNIQ
1297 1986 1540 2038 FLACCO
1579 1986 1697 2038 SUO
1729 1984 1782 2039 S.

292 2090 516 2166 Accepi
544 2088 953 2167 pulcherrimos
992 2089 1220 2166 turdos,
1264 2107 1390 2149 cum
1424 2089 1626 2167 quibus
1654 2105 1846 2167 parem
1876 2086 2152 2147 calculum
2171 2096 2201 2146 l

164 2191 384 2253 ponere
414 2191 523 2232 nec
562 2173 714 2234 urbis
755 2175 936 2251 copiis
978 2192 1051 2233 ex
1078 2173 1410 2233 Laurentino
1439 2192 1548 2233 nec
1578 2175 1744 2232 maris
1772 2181 1883 2231 tam
1913 2166 2149 2231 turbidis

164 2257 595 2335 tempestatibus
628 2273 879 2333 possum.
919 2256 1190 2335 Recipies
1220 2275 1362 2335 ergo
1387 2256 1658 2334 epistulas
1687 2255 1912 2317 steriles
1943 2265 2000 2315 et
2023 2258 2200 2315 sim-2

83 2341 396 2420 25pliciter
446 2343 691 2417 ingratas
734 2358 802 2399 ac
842 2359 914 2400 ne
955 2339 1106 2401 illam
1150 2341 1373 2419 quidem
1415 2341 1720 2401 sollertiam
1765 2339 2053 2400 Diomedis
2094 2342 2150 2399 in

165 2422 535 2504 permutando
562 2442 792 2484 munere
814 2426 1111 2484 imitantes.
1158 2424 1297 2501 Sed,
1329 2443 1471 2503 quae
1501 2425 1738 2486 facilitas
1761 2434 1875 2502 tua,
1906 2424 2018 2484 hoc
2038 2441 2151 2483 ma·

164 2510 254 2586 gis
283 2507 440 2567 dabis
469 2508 686 2567 veniam
716 2508 867 2587 quod
896 2527 961 2569 se
995 2526 1108 2568 non
1134 2511 1341 2569 mereri
1371 2510 1632 2571 fatentur.
1695 2508 1855 2568 Vale.

1100 2641 1201 2701 111.

602 2740 659 2794 c,
696 2740 943 2792 PLINIUS
980 2741 1145 2792 Tmo
1182 2741 1489 2792 Ams‘rom
1522 2739 1641 2791 suo
1680 2739 1733 2790 S.

291 2842 434 2904 Cum
473 2844 710 2923 plurima
751 2845 939 2904 officia
979 2855 1073 2905 tua
1108 2844 1241 2902 mihi
1280 2853 1437 2920 grata
1476 2852 1533 2903 et
1561 2841 1797 2903 iucunda
1830 2851 1991 2918 sunt,
2035 2851 2150 2901 tum
2179 2854 2197 2902 ι

164 2928 259 2988 vel
304 2930 541 2988 maxime
586 2928 736 3006 quod
776 2947 867 2988 me
908 2928 1200 2988 celandum
1228 2945 1341 2987 non
1374 2930 1580 3006 putasti
1610 2927 1787 2988 fuisse
1815 2925 1961 3005 apud
1988 2936 2046 2986 te
2079 2926 2151 2995 de

163 3010 467 3072 versiculis
507 3014 649 3071 meis
688 3011 919 3071 multum
958 3014 1364 3092 copiosumque
1406 3028 1757 3088 sermonem,
1802 3027 2043 3088 eumque
2071 3009 2150 3069 di-

163 3098 434 3155 versitate
465 3095 794 3155 iudiciorum
820 3096 1046 3172 longius
1068 3097 1450 3174 processisse,
1483 3095 1769 3155 exstitisse
1796 3096 1960 3154 etiam
1983 3110 2152 3171 quos-

82 3189 150 3243 35
166 3177 291 3238 dam
321 3180 416 3258 qui
444 3181 656 3256 scripta
683 3179 909 3258 quidem
937 3182 1059 3258 ipsa
1087 3198 1198 3239 non
1226 3178 1607 3257 inprobarent,
1640 3196 1731 3238 me
1761 3187 1944 3238 tamen
1973 3180 2152 3238 amice

166 3263 612 3341 simpliciterque
642 3262 1125 3341 reprehenderent
1157 3264 1308 3341 quod
1328 3261 1472 3322 haec
1495 3262 1808 3323 scriberem
1830 3263 2154 3321 recitarem·

166 3364 298 3423 que.
364 3346 584 3419 Quibus
624 3364 769 3424 ego,
814 3357 873 3406 ut
912 3365 1146 3424 augeam
1177 3364 1355 3406 meam
1391 3344 1643 3424 culpam,
1692 3349 1768 3406 ita
1796 3344 2202 3423 respondeoz2

166 3429 318 3490 facio
362 3448 475 3490 non
515 3448 811 3509 numquam
841 3429 1158 3492 versiculos
1199 3447 1439 3491 severos
1479 3448 1705 3511 parum,
1754 3428 1934 3496 facio;
1984 3428 2151 3487 etiam

82 1929 152 1982 20

82 2769 154 2823 30
