2467 3850
356 244 401 309 6
1184 234 1252 298 C.
1296 235 1488 299 PLINI

356 395 447 455 vir
473 391 717 471 optimus
745 389 803 450 in
835 389 1153 469 praesentia
1179 389 1361 468 velis,
1403 408 1571 468 quam
1596 390 1732 468 quid
1758 408 1987 470 semper
2014 390 2096 451 sis
2127 387 2327 468 proba·

309 488 538 541 4turus.
593 473 688 534 Me
729 476 879 534 circa
910 473 1043 535 ldus
1091 473 1356 535 Octobris
1388 492 1561 553 spero
1590 473 1801 535 Romae
1836 475 2081 535 futurum
2110 472 2328 533 eadem·

357 581 470 641 que
497 560 639 622 haec
671 567 1027 637 praesentem
1059 576 1287 639 quoque
1318 568 1412 618 tua
1444 576 1680 637 meaque
1716 559 1824 618 fide
1850 557 2011 619 Gallo
2043 558 2331 637 confirma:

355 656 568 713 turum;
621 644 712 702 cui
745 652 925 702 tamen
960 643 1067 701 iam
1104 661 1253 703 nunc
1292 641 1430 702 licet
1469 642 1753 721 spondeas
1794 642 1864 701 de
1902 645 2087 703 animo
2121 658 2251 702 meo
2286 637 2327 719 ἡ

310 723 468 792 ὁκαὶ
491 723 850 807 κυανέῃσιν
873 716 980 786 ἐπ’
1009 716 1262 807 ὀφρύσι
1285 725 1505 786 νεῦσε.
1550 725 1666 786 Cur
1689 727 1839 786 enim
1867 743 1980 786 non
2008 742 2327 804 usquequa·
2340 742 2373 795 5

340 831 470 898 que
509 810 825 871 Homericis
863 810 1125 871 versibus
1173 828 1334 888 agam
1374 807 1605 871 tecum?
1660 820 1937 889 quatenus
1976 820 2036 870 tu
2080 828 2171 868 me
2217 811 2327 870 tuis

352 915 527 975 agere
567 913 680 955 non
718 895 963 973 pateris,
1010 912 1249 972 quorum
1285 903 1435 955 tanta
1474 892 1780 973 cupiditate
1818 895 1990 955 ardeo
2034 903 2096 954 ut
2134 893 2330 953 videar

258 986 273 997 “
353 981 487 1040 mihi
514 979 619 1040 bac
648 978 771 1039 sola
808 977 1071 1039 mercede
1103 996 1283 1057 posse
1315 980 1598 1057 corrumpi
1627 988 1687 1038 ut
1715 978 1811 1039 vel
1841 989 2034 1040 contra
2062 978 2326 1038 Baeticos

308 1065 551 1130 fiadsim.
592 1062 776 1123 Paene
798 1064 1061 1140 praeterii
1085 1063 1241 1142 quod
1267 1065 1489 1123 minime
1513 1063 1980 1141 praetereundum
2007 1062 2133 1138 fuit,
2163 1079 2326 1121 acce-

356 1150 514 1227 pisse
545 1164 635 1208 me
671 1156 927 1207 careotas
958 1147 1218 1225 optimas,
1251 1165 1395 1225 quae
1424 1164 1572 1206 nuuc
1601 1164 1727 1207 cum
1748 1147 1870 1208 ficis
1893 1156 1952 1208 et
1971 1145 2183 1207 boletis
2207 1164 2410 1218 cer-10

238 1266 245 1277 ·
351 1231 574 1292 tandum
603 1230 827 1292 babent.
895 1229 1056 1290 Vale.

1263 1362 1417 1424 vm.
1454 1348 1522 1399 Ν

705 1463 757 1514 C.
789 1463 1033 1515 PLINIUS
1069 1462 1345 1515 POMPEIO
1383 1460 1741 1514 SATURNINO
1773 1461 1893 1514 SUO
1927 1461 1979 1513 S.

305 1582 335 1633 1
469 1564 898 1644 Peropportune
920 1564 1055 1626 mihi
1082 1564 1333 1644 redditae
1358 1574 1488 1626 sunt
1515 1564 1738 1625 litterae
1764 1572 1917 1642 tuae,
1942 1563 2146 1642 quibus
2170 1564 2327 1643 flagi·
2344 1590 2406 1642 15

353 1647 510 1708 tabas
552 1658 613 1708 ut
650 1649 752 1709 tibi
789 1649 1002 1728 aliquid
1043 1668 1118 1710 ex
1158 1651 1390 1727 scriptis
1420 1651 1562 1711 meis
1602 1650 1915 1726 mitterem,
1963 1667 2089 1709 cum
2123 1665 2236 1727 ego
2270 1649 2332 1709 id
2361 1697 2365 1701 .

350 1734 538 1810 ipsum
561 1732 950 1795 destinassem.
971 1733 1254 1794 Addidisti
1278 1751 1420 1812 ergo
1446 1733 1686 1794 calcaria
1708 1742 1914 1811 sponte
1937 1734 2206 1810 currenti,
2229 1750 2327 1811 pa-

346 1818 603 1896 riterque
634 1827 692 1877 et
720 1817 823 1878 tibi
856 1820 1075 1878 veniam
1105 1819 1405 1879 recusandi
1437 1817 1648 1878 laboris
1684 1826 1742 1877 et
1770 1817 1906 1876 mibi
1934 1815 2197 1894 exigendi
2226 1836 2327 1876 ve·

302 1901 671 1969 2recundiam
714 1901 1011 1964 sustulisti.
1069 1902 1209 1963 Nam
1248 1921 1356 1963 nec
1405 1920 1494 1964 me
1526 1901 1719 1982 timide
1752 1903 1830 1961 uti
1865 1901 2034 1962 decet
2062 1918 2133 1961 eo
2174 1900 2328 1980 quod

350 1985 596 2046 oblatum
626 1996 716 2047 est
750 2005 860 2047 nec
892 1998 949 2048 te
980 1989 1196 2063 gravari
1226 1987 1379 2064 quod
1414 1984 1826 2064 depoposcisti.
1867 1985 1997 2045 Non
2026 1995 2115 2046 est
2144 1995 2407 2060 tamen20

348 2070 502 2147 quod
527 2070 598 2129 ab
631 2069 856 2131 homine
890 2071 1179 2132 desidioso
1208 2070 1421 2148 aliquid
1446 2072 1581 2129 novi
1611 2073 1806 2148 operis
1838 2079 2133 2148 expectes.
2174 2069 2327 2130 Peti-

347 2162 506 2214 turus
537 2172 659 2215 sum
684 2158 831 2215 enim
854 2164 916 2214 ut
936 2172 1129 2215 rursus
1156 2172 1329 2213 vaces
1362 2155 1606 2214 sermoni
1635 2172 1804 2232 quem
1831 2153 1978 2232 apud
2005 2155 2326 2232 municipes

299 2252 509 2305 3meos
540 2237 708 2299 habui
740 2236 1140 2298 bibliothecam
1171 2237 1549 2298 dedicaturus.
1610 2236 1840 2298 Memini
1871 2237 2096 2316 quidem
2127 2247 2184 2298 te
2214 2240 2329 2297 iam

347 2321 617 2400 quaedam
658 2321 991 2398 adnotasse,
1012 2321 1137 2382 'sed
1176 2320 1546 2399 generaliter:
1594 2322 1726 2383 ideo
1758 2339 1907 2381 nunc
1937 2338 2082 2399 rogo
2112 2331 2174 2381 ut
2210 2339 2328 2381 non

346 2414 556 2466 tantum
582 2406 933 2467 universitati
967 2407 1091 2465 eius
1133 2404 1421 2483 attendaS,
1457 2424 1653 2466 verum
1683 2408 1848 2467 etiam
1877 2404 2181 2484 particulas
2213 2423 2327 2480 qua
2342 2426 2406 2479 25

346 2490 504 2551 soles
535 2490 664 2549 lima
695 2491 1078 2568 persequaris.
1114 2488 1242 2548 Erit
1274 2491 1421 2549 enim
1453 2500 1511 2550 et
1540 2498 1672 2569 post
1702 2488 2150 2550 emendationem
2178 2488 2327 2550 libe·

301 2587 472 2640 4rum
508 2574 674 2633 nobis
702 2573 798 2632 vel
837 2571 1129 2651 publicare
1163 2573 1258 2633 vel
1302 2575 1613 2635 continere.
1676 2574 1827 2651 Quin
1868 2576 2035 2633 immo
2075 2573 2327 2635 fortasse

348 2657 492 2718 banc
531 2659 710 2734 ipsam
752 2659 1160 2717 cunctationem
1216 2668 1464 2719 nostram
1519 2661 1574 2718 in
1625 2657 1945 2718 alterutram
1987 2663 2327 2719 sententiam

345 2739 751 2801 emendationis
780 2741 924 2801 ratio
958 2740 1221 2819 deducet,
1256 2760 1399 2821 quae
1432 2751 1524 2802 aut
1554 2741 1840 2820 indignum
1870 2742 2154 2820 editione,
2189 2743 2327 2803 dum

342 2827 572 2903 saepius
600 2833 897 2902 retractat,
926 2827 1175 2886 inveniet
1213 2837 1308 2888 aut
1347 2827 1606 2906 dignum,
1640 2827 1769 2887 dum
1796 2827 1855 2886 id
1882 2828 2067 2905 ipsum
2096 2830 2410 2905 experi-sso

297 2918 470 2985 stur,
518 2907 750 2967 efficiet.
807 2907 1152 2988 Quamquam
1177 2911 1342 2973 huius
1374 2913 1746 2972 cunctationis
1775 2928 1935 2970 meae
1971 2929 2177 2972 causae
2205 2930 2328 2973 non

345 2993 536 3052 tamin
568 2993 797 3069 scriptis
830 3010 991 3070 quam
1020 2996 1074 3053 in
1110 2996 1240 3073 ipso
1274 2997 1538 3055 materiae
1566 3012 1780 3072 genere
1818 2997 2152 3056 consistunt.
2212 2994 2328 3057 Est

341 3076 492 3135 enim
525 3073 695 3153 paulo
736 3078 898 3154 quasi
936 3076 1250 3155 gloriosius
1293 3088 1354 3139 et
1385 3078 1609 3139 elatius.
1675 3076 1942 3140 Onerabit
1982 3078 2096 3139 boc
2122 3079 2326 3140 mode-

340 3160 503 3218 stiam
531 3168 808 3238 nostram,
840 3163 1057 3223 etiamsi
1085 3162 1291 3223 stilus
1274 3179 1401 3240 ipse
1427 3179 1660 3239 pressus
1693 3160 2090 3242 demissusque
2120 3162 2321 3242 fuerit,

339 3253 647 3321 propterea
669 3244 820 3322 quod
846 3248 1100 3324 cogimur
1123 3265 1249 3305 cum
1279 3247 1350 3306 de
1377 3246 1751 3306 munificentia
1778 3257 2069 3325 parentum
2090 3256 2322 3308 nostro·
2337 3257 2407 3310 35

293 3335 466 3390 (irum
500 3337 617 3387 tum
660 3327 730 3389 de
774 3340 966 3390 nostra
1004 3328 1311 3407 disputare.
1372 3328 1605 3407 Anceps
1635 3329 1729 3389 hic
1768 3340 1829 3391 et
1859 3324 2111 3392 lu‘bricus
2146 3331 2321 3394 locus

339 3420 451 3487 est,
492 3414 655 3472 etiam
701 3432 827 3473 cum
855 3413 936 3473 illi
961 3415 1275 3474 necessitas
1317 3412 1700 3474 lenocinatur.
1741 3412 1965 3475 Etenim
2005 3418 2055 3477 si
2091 3414 2321 3477 alienae

341 3512 570 3577 quoque
604 3496 798 3559 laudes
833 3515 1026 3577 parum
1054 3499 1253 3575 aequis
1282 3498 1507 3559 auribus
1540 3501 1724 3578 accipi
1757 3498 1976 3579 solent,
2010 3517 2175 3579 quam
2206 3500 2320 3561 dif-
