2467 3850
313 182 436 248 152
1147 183 1213 246 G.
1254 183 1446 245 PLINI

1183 335 1395 399 XXXI.

837 436 895 488 c,
927 436 1176 489 PLINIUS
1211 434 1502 488 conum-o
1538 434 1658 487 suo
1694 433 1749 487 s,

254 563 282 614 1
425 551 691 615 Claudius
717 552 876 613 Polio
906 557 1072 614 amari
1097 572 1131 614 a
1157 563 1215 614 te
1241 557 1417 633 cupit,
1448 554 1648 632 dignus
1676 552 1788 612 hoc
1822 553 1973 632 ipso,
2004 553 2158 630 quod
2191 573 2285 614 cu·
2459 578 2463 633 ff

301 640 416 717 pit,
460 637 697 715 deinde,
727 637 878 716 quod
917 639 1044 716 ipse
1088 649 1147 699 te
1182 638 1382 716 diligit.
1439 637 1641 716 Neque
1673 638 1819 696 enim
1845 635 1968 696 fere
1994 639 2286 715 quisquam
2461 650 2462 657 ’

301 723 478 799 exigit
506 721 676 797 istud,
708 723 813 780 nisi
841 723 935 799 qui
964 721 1119 782 facit.
1169 722 1274 781 Vir
1293 721 1501 800 alioqui
1530 730 1746 796 rectus,
1778 722 2022 797 integer,
2057 723 2333 798 quietus5

298 823 365 866 ac
396 822 576 884 paene
607 803 751 864 ultra
771 804 1026 881 modum,
1074 808 1123 866 si
1152 807 1277 885 quis
1313 816 1497 866 tamen
1525 803 1669 863 ultra
1697 802 1951 879 modum,
2006 822 2283 864 verecun-

246 898 280 949 2
299 887 419 949 dus.
461 887 643 965 Hunc,
675 907 801 949 cum
826 887 988 949 simul
1018 888 1399 965 militaremus,
1431 905 1541 948 non
1570 886 1751 948 solum
1778 896 1837 947 ut
1873 885 2176 947 commilito
2201 890 2281 948 in·
2463 890 2464 937 ¹

297 975 478 1051 spexi.
523 971 783 1033 Praeerat
812 972 934 1032 alae
965 971 1217 1033 militari:
1250 991 1362 1051 ego
1390 975 1578 1033 iussus
1603 991 1637 1031 a
1665 970 1856 1048 legato
1887 969 2167 1032 consulari
2195 991 2280 1031 ra·

296 1058 480 1118 tiones
510 1056 719 1116 alarum
755 1065 813 1115 et
854 1058 1166 1116 cohortium
1199 1067 1506 1133 excutere,
1554 1064 1614 1114 ut
1652 1072 1904 1131 magnam
1934 1055 2279 1133 quorundam

295 1139 629 1220 foedamque
672 1139 986 1218 avaritiam,
1017 1139 1436 1218 neglegentiam
1467 1158 1691 1219 parem,
1721 1141 1796 1197 ita
1822 1138 1985 1200 huius
2008 1158 2277 1200 summam
2295 1149 2362 1200 10

243 1224 701 1302 3integritatem,
748 1222 1045 1284 sollicitam
1086 1223 1431 1301 diligentiam
1470 1224 1673 1284 inveni.
1739 1221 1945 1284 Postea
1985 1222 2278 1302 promotus

292 1307 361 1367 ad
400 1307 768 1388 amplissimas
802 1310 1267 1386 procurationeS,
1321 1306 1480 1368 nulla
1514 1308 1817 1367 occasione
1861 1317 2160 1386 corruptus
2204 1308 2276 1366 ab

290 1392 455 1451 insito
485 1392 853 1451 abstinentiae
881 1408 1071 1451 amore
1099 1391 1360 1452 deflexit:
1390 1408 1684 1470 numquam
1707 1389 1971 1451 secundis
1998 1391 2170 1450 rebus
2194 1393 2277 1449 in-

288 1477 518 1551 tumuit,
561 1493 854 1554 numquam
889 1474 1201 1534 officiorum
1237 1478 1508 1536 varietate
1555 1476 1870 1534 continuam
1911 1473 2132 1534 laudem
2172 1473 2273 1532 hu-

286 1560 560 1621 manitatis
581 1559 841 1637 infregit,
883 1559 1191 1639 eademque
1226 1561 1481 1619 firmitate
1511 1559 1672 1618 animi
1704 1556 1987 1618 laboribus
2021 1558 2267 1634 suffecit,
2289 1563 2357 1616 15

239 1651 398 1720 4qua
426 1661 573 1702 nunc
617 1645 789 1703 otium
825 1644 1046 1721 patitur.
1116 1643 1284 1715 Quod
1323 1642 1545 1722 quidem
1586 1641 1876 1722 paulisper
1917 1659 2041 1700 cum
2073 1659 2273 1718 magna

287 1744 387 1786 sua
417 1725 580 1786 laude
611 1729 904 1787 intermisit
934 1736 991 1787 et
1020 1730 1230 1805 posuit,
1260 1746 1292 1786 a
1326 1726 1576 1787 Corellio
1606 1733 1800 1785 nostro
1836 1744 1912 1785 ex
1933 1723 2271 1786 liberalitate

285 1811 638 1887 imperatoris
680 1809 904 1871 Nervae
948 1812 1198 1871 emendis
1245 1811 1669 1888 dividendisque
1711 1810 1862 1886 agris
1910 1809 2128 1869 adiutor
2174 1809 2269 1869 ad-

285 1903 557 1972 sumptus.
624 1893 844 1954 Etenim
874 1913 980 1974 qua
1010 1893 1190 1973 gloria
1224 1894 1450 1973 dignum
1488 1904 1577 1955 est
1618 1910 1831 1954 summo
1871 1893 1993 1954 viro
2034 1895 2089 1954 in
2116 1902 2267 1954 tanta

230 1977 527 2054 5eligendi
565 1978 832 2039 facultate
868 1982 1175 2058 praecipue
1215 1976 1542 2058 placuisse?
1594 1975 1750 2037 Idem
1794 1995 1955 2055 quam
1996 1980 2355 2038 reveren-20
2465 2052 2466 2056 Ἰ

281 2071 391 2138 ter,
429 2079 588 2139 quam
619 2062 861 2123 fideliter
886 2064 1097 2123 amicos
1127 2063 1277 2123 colat
1308 2062 1602 2123 multorum
1633 2063 1912 2139 supremis
1936 2060 2185 2139 iudiciis,
2204 2043 2230 2077 ⁹
2453 2095 2467 2132 ς

279 2145 367 2204 his
396 2145 540 2205 Anni
581 2145 776 2222 Bassi,
802 2147 1131 2221 ⁴gravissimi
1165 2148 1341 2223 civis,
1375 2147 1612 2206 credere
1645 2155 1833 2224 poteS,
1867 2147 2025 2205 cuius
2055 2164 2201 2205 mem
2241 2161 2271 2201 e

279 2230 416 2286 riam
444 2239 555 2289 tam
577 2239 733 2304 grata
768 2228 1183 2307 praedicatione
1213 2239 1481 2309 prorogat
1511 2240 1569 2289 et
1598 2228 1846 2289 extendit
1875 2238 1934 2288 ut
1960 2228 2162 2288 librum
2191 2229 2262 2289 de

278 2312 390 2369 vita
419 2313 542 2371 eius
574 2316 723 2384 (nam
752 2311 933 2371 studia
962 2329 1188 2391 quoque
1218 2316 1364 2373 sicut
1393 2314 1528 2374 alias
1559 2312 1735 2373 bonas
1756 2322 1904 2372 artes
1930 2314 2261 2391 veneratur)

228 2402 262 2454 6
280 2391 533 2453 ediderit.
574 2392 869 2454 Pulchrum
902 2396 1050 2456 istud
1083 2406 1139 2456 et
1168 2399 1395 2458 raritate
1417 2400 1540 2476 ipsa
1570 2396 1947 2475 probandum,
1982 2414 2107 2458 cum
2136 2396 2261 2475 ple·
2280 2394 2349 2447 25

228 2477 435 2554 7rique
477 2477 749 2539 hactenus
788 2478 1178 2540 defunctorum
1216 2484 1566 2541 meminerint
1607 2489 1667 2541 ut
1718 2490 2037 2558 querantur.
2098 2480 2263 2541 Hunc

275 2559 591 2640 hominem,
629 2562 1146 2642 adpetentissimum
1173 2567 1287 2642 tui,
1317 2565 1449 2624 mihi
1479 2563 1684 2641 crede,
1717 2563 2125 2643 complectere,
2167 2565 2263 2625 ad-

274 2644 585 2724 prehende,
615 2648 779 2706 immo
811 2656 869 2707 et
896 2649 1063 2708 invita
1093 2668 1160 2708 ac
1184 2651 1269 2709 sic
1298 2668 1437 2725 ama,
1466 2658 1741 2727 tamquam
1767 2650 1995 2724 gratiam
2023 2649 2260 2708 referas·

271 2727 472 2808 Neque
498 2731 644 2790 enim
673 2730 1006 2810 obligandus
1035 2733 1138 2792 sed
1166 2732 1603 2793 remunerandus
1635 2741 1724 2792 est
1754 2735 1808 2791 in
1837 2733 2039 2794 amoris
2065 2733 2260 2793 officio

273 2815 365 2890 qui
394 2816 548 2893 prior
580 2818 788 2894 coepit.
855 2814 1015 2875 Vale.
2275 2822 2347 2876 30

1137 2960 1372 3024 XXXII.

626 3061 678 3114 e.
718 3060 962 3113 PLINIUS
995 3061 1249 3113 FABA'ro
1283 3062 1656 3113 PRosocERo
1693 3064 1814 3116 suo
1848 3064 1901 3115 S.

220 3185 250 3235 1
392 3175 669 3236 Delector
696 3179 991 3240 iucundum
1019 3179 1118 3239 tibi
1146 3179 1323 3241 fuisse
1358 3179 1578 3242 Tironis
1610 3183 1721 3241 mei
1744 3182 2070 3244 adventum:
2103 3184 2258 3263 quod

270 3276 412 3318 vero
453 3260 657 3321 scribis
701 3261 887 3323 oblata
925 3265 1226 3323 occasione
1273 3265 1631 3341 proconsulis
1659 3266 1929 3345 plurimos
1957 3271 2254 3328 manumis-
2272 3278 2345 3333 35

271 3359 404 3418 sos,
445 3344 611 3403 unice
652 3343 849 3405 laetor.
917 3344 1101 3422 Cupio
1131 3347 1278 3406 enim
1304 3350 1536 3425 patriam
1567 3360 1812 3410 nostram
1842 3353 2097 3412 omnihus
2131 3355 2257 3430 qui-

269 3424 398 3485 dem
437 3427 609 3486 rebus
654 3430 880 3504 augeri,
934 3431 1169 3487 maxime
1217 3439 1402 3490 tamen
1454 3434 1657 3492 civium
1698 3452 1958 3495 numero:
2010 3435 2067 3495 id
2107 3429 2286 3496 enim*
