2467 3850
291 148 416 216 298
745 151 812 211 C.
853 150 1046 212 PLINI
1088 146 1615 211 PANEGYRICUS
1653 159 1740 215 95.

288 307 445 367 teriri
474 305 544 365 ab
572 305 787 384 optimo
815 322 929 364 non
959 303 1163 383 potuit.
1223 301 1310 361 Tu
1338 299 1490 361 clara
1517 303 1711 364 iudicii
1743 305 1823 364 tui
1866 303 2028 382 signa
2051 305 2288 383 misisti,

290 409 419 451 cum
450 389 832 467 proficiscenti
863 388 934 448 ad
962 389 1277 448 exercitum
1301 395 1403 446 tuo
1433 389 1692 464 nomine,
1724 396 1820 448 tuo
1848 387 2066 450 honore
2102 392 2293 450 cessi-

288 475 384 535 sti.
427 473 511 533 Tu
542 489 689 532 voce
719 473 1074 550 imperatoris
1104 469 1239 549 quid
1266 470 1511 529 sentires
1539 470 1802 549 locutus,
1832 472 2002 532 filium
2030 474 2146 550 illi,
2177 490 2293 532 no-

286 558 376 618 bis
408 566 731 637 parentem,
777 557 876 617 tibi
911 556 1236 635 pontificem
1269 557 1565 614 maximum
1606 555 1855 633 elegisti.
1915 556 2041 629 Quo
2069 558 2293 617 maiore

285 642 490 702 fiducia
526 641 708 701 isdem
751 640 865 700 illis
898 641 1048 700 votis
1080 656 1225 717 quae
1258 639 1386 715 ipse
1419 654 1522 714 pro
1559 657 1625 699 se
1659 643 1965 719 nuncupari
1993 642 2151 701 iubet
2181 658 2295 701 oro
2314 651 2354 703 5

284 734 347 786 et
373 727 664 801 obtestor,
695 727 745 784 si
775 726 922 785 bene
956 742 1078 784 rem
1109 719 1393 799 publicam
1412 766 1431 798 ,
1471 724 1521 782 si
1551 742 1626 783 ex
1652 724 1888 785 utilitate
1924 728 2164 785 omnium
2192 744 2292 785 re-

283 811 400 887 git,
434 811 669 887 primum
693 817 755 868 ut
788 808 946 868 illum
965 806 1271 885 nepotibus
1293 804 1506 866 nostris
1528 824 1595 866 ac
1617 810 2029 887 pronepotibus
2054 827 2288 887 serves,

288 893 494 954 deinde
527 903 591 953 ut
625 891 961 971 quandoque
993 907 1395 951 successorem
1429 892 1485 948 ei
1527 891 1740 953 tribuas
1783 911 1952 971 quem
1993 896 2289 971 genuerit,

287 994 457 1055 quem
478 977 833 1053 formaverit,
870 974 1225 1053 similemque
1248 974 1453 1033 fecerit
1471 972 1769 1054 adoptato,
1806 988 1900 1038 aut
1935 979 1985 1036 si
2017 978 2129 1037 hoc
2163 978 2289 1037 fato

286 1071 557 1138 negatur,
592 1063 648 1120 in
684 1059 923 1121 consilio
958 1061 1038 1119 sis
1069 1058 1339 1135 eligenti,
1373 1067 1658 1120 monstres
1690 1058 1931 1139 aliquem
1956 1079 2125 1140 quem
2147 1061 2289 1122 ado·
2309 1073 2385 1124 10

288 1147 435 1224 ptari
456 1147 511 1204 in
534 1143 815 1223 Capitolio
850 1143 1072 1204 deceat.

181 1236 262 1301 95
409 1228 625 1303 Vobis,
665 1237 854 1306 patres
891 1224 1231 1303 conscripti,
1272 1233 1538 1303 qnantum
1573 1225 1811 1288 debeam
1844 1227 2089 1308 publicis
2114 1230 2290 1288 etiam

281 1314 655 1373 monumentis
678 1313 1014 1371 continetur.
1034 1310 1153 1370 Vos
1177 1307 1308 1367 mihi
1331 1310 1388 1368 in
1401 1310 1679 1371 tribunatu
1700 1313 1928 1389 quietiS,
1950 1315 2005 1371 in
2018 1320 2286 1392 praetura

280 1396 595 1455 modestiae
612 1439 630 1471 ,
658 1413 764 1455 vos
787 1395 845 1453 in
878 1395 1001 1455 istis
1024 1392 1229 1454 officiis
1254 1394 1423 1454 etiam
1444 1411 1589 1471 quae
1615 1414 1649 1454 e
1673 1395 1869 1457 studiis
1895 1397 2102 1456 nostris
2129 1398 2287 1457 circa

281 1478 525 1540 tuendos
577 1481 769 1539 socios
811 1479 1174 1538 iniunxeratis
1213 1477 1404 1536 cuncti
1447 1482 1793 1539 constantiae
1837 1481 2284 1558 antiquissimum
2304 1493 2375 1544 15

282 1563 662 1623 testimonium
693 1562 1083 1641 perhibuistis.
1123 1560 1243 1619 Vos
1279 1560 1534 1638 proxime
1559 1561 1990 1624 destinationem
2021 1563 2286 1625 consula·

281 1654 373 1707 tus
410 1648 521 1705 mei
550 1644 638 1705 his
674 1645 1168 1707 adclamationibus
1201 1641 1614 1721 adprobavistis
1649 1656 1710 1707 ut
1754 1646 2080 1725 intellegam
2114 1650 2287 1708 etiam

281 1739 452 1809 atque
488 1732 652 1790 etiam
689 1730 1008 1791 enitendum
1040 1728 1174 1787 mihi
1206 1736 1269 1786 ut
1302 1726 1451 1786 hunc
1487 1746 1827 1791 consensum
1860 1741 2113 1792 vestrum
2146 1748 2289 1791 con-

282 1813 506 1892 plectar
526 1823 584 1874 et
617 1823 838 1875 teneam
863 1823 922 1873 et
956 1815 1011 1871 in
1048 1811 1171 1871 dies
1205 1828 1463 1887 augeam.
1509 1810 1731 1874 Etenim
1753 1817 1976 1876 memini
2012 1825 2143 1875 tunc
2179 1834 2283 1875 ve-

279 1899 502 1960 rissime
538 1898 769 1959 iudicari
802 1896 1068 1957 meruerit
1111 1896 1237 1975 quis
1272 1893 1548 1956 honorem
1581 1916 1691 1958 nec
1724 1918 1829 1977 ne,
1877 1917 2003 1960 cum
2037 1899 2279 1977 adeptus
2298 1910 2373 1965 20

281 1993 393 2044 est.
433 1981 553 2044 Vos
582 1983 750 2044 modo
786 1984 973 2043 favete
996 1980 1129 2040 huic
1152 1982 1451 2056 proposito
1476 1991 1534 2041 et
1569 1982 1819 2060 credite,
1856 1987 1905 2043 si
1943 2002 2109 2044 cursu
2137 2001 2280 2061 quo·

280 2065 405 2126 dam
430 2076 740 2145 provectus
764 2066 958 2127 abillo
994 2063 1425 2124 insidiosissime
1452 2065 1711 2143 principe
1743 2074 1871 2127 ante
1908 2085 2072 2146 quam
2105 2070 2281 2145 profi·

279 2159 498 2210 teretur
530 2150 718 2211 odium
751 2152 1059 2223 bonorum,
1098 2157 1397 2226 postquam
1435 2149 1730 2224 professus
1765 2161 1886 2228 est,
1927 2152 2183 2228 substiti,
2223 2161 2284 2213 et

282 2250 411 2291 cum
432 2234 683 2294 viderem
706 2253 849 2312 quae
872 2234 941 2294 ad
962 2233 1211 2293 honores
1236 2231 1554 2308 conpendia
1589 2243 1877 2312 paterent,
1917 2235 2144 2314 longius
2169 2237 2282 2295 iter

280 2315 473 2383 malui;
509 2318 558 2376 si
579 2318 737 2377 malis
763 2316 1113 2396 temporibus
1137 2317 1285 2375 inter
1303 2323 1552 2377 maestos
1574 2328 1633 2379 et
1665 2328 1971 2396 paventes,
2011 2321 2174 2380 bonis
2195 2322 2279 2380 in·
2295 2329 2367 2382 25

281 2408 371 2459 ter
393 2415 628 2460 securos
653 2400 1081 2477 gaudentesque
1104 2416 1399 2467 numeror;
1437 2400 1487 2458 si
1520 2400 1764 2479 denique
1789 2404 2076 2463 intantum
2099 2403 2278 2480 diligo

281 2483 550 2561 optimum
570 2484 883 2562 principem
904 2486 962 2542 in
984 2491 1253 2561 quantum
1276 2483 1492 2542 invisus
1526 2488 1777 2563 pessimo
1801 2486 1901 2546 fui.
1948 2486 2078 2565 Ego
2111 2505 2277 2547 reve·

279 2568 497 2628 rentiae
528 2578 756 2628 vestrae
789 2569 875 2629 sic
899 2583 1128 2645 semper
1158 2566 1486 2641 inserviam,
1524 2586 1637 2629 non
1669 2579 1729 2629 ut
1762 2588 1853 2630 me
1890 2570 2185 2653 copsulem
2219 2582 2280 2632 et

278 2669 410 2712 mox
435 2651 790 2715 consularem
805 2698 824 2730 ,
849 2652 954 2713 sed
976 2660 1035 2710 ut
1058 2649 1409 2710 candidatum
1431 2653 1755 2715 consulatus
1779 2662 1988 2733 putem.
