2467 3850
789 198 1309 265 EPISTULARUM
1334 203 1408 265 11.
1454 214 1536 270 17.
2068 206 2151 270 39

168 353 471 432 gestationi
493 353 761 415 interiore
785 355 1075 415 circumitu
1096 357 1259 416 vinea
1282 366 1477 416 tenera
1500 365 1557 417 et
1584 355 1843 417 umbrosa
1871 356 2149 436 nudisque

169 440 336 498 etiam
364 437 611 517 pedibus
652 437 839 496 mollis
874 448 932 498 et
963 438 1193 499 cedenS.
1259 438 1491 498 Hortum
1534 458 1722 523 morus
1745 446 1825 499 =et
1865 442 2005 500 ficus
2038 441 2150 502 fre-

169 539 350 600 quens
380 523 576 598 vestit,
607 540 837 600 quarum
869 523 1128 582 arborum
1163 522 1259 583 illa
1293 522 1387 583 vel
1415 525 1650 583 maxime
1679 524 1838 583 ferax
1863 534 2008 584 terra
2038 534 2149 602 est,

166 605 468 682 malignior
509 608 737 665 ceteriS.
800 604 918 665 Hac
947 623 1057 667 non
1098 605 1381 667 deteriore
1419 624 1581 685 quam
1609 609 1774 667 maris
1809 607 1954 667 facie
1986 626 2150 668 cena·

123 691 249 753 5tio
276 698 497 748 remota
522 707 555 748 a
580 691 714 748 mari
742 689 969 749 fruitur:
1001 691 1244 766 cingitur
1275 691 1471 751 diaetis
1495 691 1708 750 duabus
1737 708 1768 748 a
1796 701 1983 768 tergo,
2018 710 2150 769 qua-

166 791 293 831 rum
332 771 602 832 fenestris
649 774 904 833 subiacet
941 772 1282 832 vestibulum
1320 773 1488 833 villae
1531 783 1590 834 et
1635 774 1830 834 hortus
1863 774 2002 834 alius
2033 777 2151 852 pin-

168 857 299 933 guis
328 856 411 947 {et
450 855 923 918 rusticus.eHinc
971 859 1427 935 cryptoporticus
1470 875 1655 935 prope
1697 857 1909 936 publici
1959 860 2149 935 operis
2167 869 2233 923 16

169 938 513 1000 extenditur.
574 939 867 1018 Utrimque
896 939 1177 1000 fenestrae
1195 986 1212 1017 ,
1243 960 1275 1002 a
1305 940 1437 1000 mari
1467 940 1692 1018 plures,
1724 942 1793 1001 ab
1822 941 1987 1000 horto
2017 960 2150 1020 pau·

28 1088 29 1093 1
170 1025 386 1100 ciores,
420 1022 523 1083 sed
551 1022 779 1082 alternis
809 1023 1084 1100 singulae.
1138 1023 1280 1101 Hae,
1318 1034 1443 1083 cum
1474 1041 1711 1085 serenus
1741 1024 1862 1084 dies
1893 1035 1950 1085 et
1978 1027 2151 1087 inmo-

99 1115 287 1184 lotus,
321 1123 540 1184 omneS,
566 1114 691 1166 cum
713 1106 842 1167 hinc
863 1107 957 1167 vel
979 1107 1106 1168 inde
1129 1117 1332 1167 ventus
1355 1108 1659 1188 inquietus,
1685 1127 1799 1186 qua
1820 1110 1972 1168 venti
1996 1111 2151 1186 quie-

170 1200 373 1266 scunt,
421 1191 543 1250 sine
570 1191 765 1251 iniuria
804 1199 1013 1269 patent.
1065 1189 1212 1252 Ante
1246 1195 1731 1270 cryptoporticum
1750 1201 1948 1267 xystus
1982 1193 2150 1252 violis
2171 1201 2235 1255 17

171 1274 470 1334 odoratus:
495 1283 755 1351 teporem
777 1274 917 1334 solis
941 1274 1465 1355 infusirepercussu
1484 1278 1941 1353 cryptoporticus
1957 1285 2150 1354 auget,

170 1375 317 1436 quae
341 1367 404 1417 ut
431 1366 588 1417 tenet
615 1357 798 1418 solem
819 1361 904 1418 sic
925 1357 1243 1437 aquilonem
1262 1358 1478 1418 inhibet
1498 1369 1950 1438 summovetque,
1983 1378 2153 1437 quan-

172 1450 405 1518 tumque
439 1440 645 1501 caloris
685 1451 813 1501 ante
848 1452 1055 1502 tantum
1096 1452 1249 1502 retro
1295 1442 1544 1520 frigoriS.
1614 1442 1879 1502 Similiter
1903 1441 2156 1503 Africum

101 1539 158 1590 15
173 1526 356 1601 sistit,
403 1533 570 1601 atque
610 1526 687 1584 ita
715 1526 1127 1585 diversissimos
1159 1536 1363 1586 ventos
1393 1527 1562 1585 alium
1600 1527 1711 1587 alio
1743 1526 1920 1586 latere
1950 1526 2155 1602 frangit

174 1617 232 1667 et
263 1609 403 1668 finit.
445 1606 600 1668 Haec
630 1609 939 1669 iucunditas
970 1611 1091 1668 eius
1122 1609 1330 1691 hiemp,
1361 1612 1535 1669 maior
1564 1620 1799 1671 aestate.
1854 1609 1994 1669 Nam
2023 1619 2149 1670 ante
2172 1625 2237 1678 18

170 1691 462 1751 meridiem
502 1702 760 1771 xystum,
811 1702 944 1772 post
982 1694 1271 1753 meridiem
1312 1695 1646 1770 gestationis
1672 1693 1935 1771 hortique
1964 1695 2152 1771 proxi-

171 1792 315 1835 mam
345 1784 562 1854 partem
591 1777 783 1836 umbra
814 1786 915 1836 sua
944 1785 1251 1855 temperat,
1296 1795 1472 1854 quae,
1503 1787 1564 1836 ut
1593 1776 1714 1836 dies
1748 1779 1925 1836 crevit
1956 1775 2155 1835 decre·

172 1860 365 1936 vitve,
415 1858 584 1917 modo
627 1860 853 1919 brevior
893 1860 1062 1921 modo
1109 1859 1335 1937 longior
1375 1858 1481 1919 hac
1519 1858 1613 1918 vel
1659 1858 1755 1919 illa
1795 1858 1959 1918 cadit.
2022 1859 2152 1938 Ipsa
2174 1874 2236 1928 19

102 1946 793 2022 mvero‘cryptoporticus
818 1955 933 2004 tum
953 1946 1186 2003 maxime
1217 1954 1372 2004 caret
1400 1943 1547 2020 sole,
1580 1961 1706 2002 curn
1733 1943 2152 2003 ardentissimus

176 2027 403 2086 culmini
438 2029 560 2086 eius
588 2029 810 2087 insistit.
864 2028 954 2087 Ad
983 2027 1095 2088 boc
1128 2030 1447 2106 patentibus
1477 2027 1743 2087 fenestris
1773 2027 2031 2109 fayonios
2062 2044 2153 2086 ac·

177 2112 312 2188 cipit
344 2113 772 2188 transmittitque
800 2130 910 2171 nec
946 2129 1203 2190 umquam
1234 2119 1369 2172 aere
1404 2114 1570 2189 pigro
1595 2120 1658 2170 et
1686 2119 1942 2170 manente
1973 2112 2155 2186 ingra-

28 2193 31 2204 ’
176 2196 383 2254 vescit.
444 2192 507 2253 ln
547 2198 731 2273 capite
775 2198 925 2269 xysti
967 2196 1239 2274 deinceps
1286 2196 1745 2274 cryptoporticus
1786 2193 2241 2276 hortijdiaeta2o

180 2287 289 2354 est,
325 2280 709 2345 amores-meh
738 2297 804 2338 re
831 2297 969 2338 vera
998 2297 1248 2339 amores:
1279 2282 1405 2357 ipse
1434 2281 1621 2358 posui.
1677 2278 1740 2344 In
1768 2278 1874 2338 hac
1903 2277 2153 2337 helioca-

105 2362 355 2429 25minus
391 2360 614 2438 quidem
640 2362 745 2422 alia
771 2372 994 2437 xystum
1023 2362 1129 2422 alia
1160 2381 1313 2423 mare
1341 2373 1574 2442 utraque
1602 2362 1807 2439 solem,
1838 2361 2158 2446 cubiculum

179 2453 366 2503 autem
388 2442 566 2503 valvis
592 2448 1095 2524 cryptoporticum,
1127 2446 1374 2507 fenestra
1400 2447 1676 2524 prospicit
1706 2463 1910 2544 mare.3
1947 2443 2156 2518 Contra
2173 2456 2239 2507 21

179 2530 453 2605 parietem
492 2529 732 2589 medium
782 2530 1021 2589 zotheca
1059 2548 1329 2608 perquam
1372 2529 1666 2606 eleganter
1702 2530 1955 2605 recedit,
2011 2545 2157 2606 quae

179 2609 572 2688 specularibus
602 2621 661 2673 ct
689 2612 834 2672 velis
868 2613 1126 2673 obductis
1167 2613 1491 2674 reductisve
1531 2612 1698 2671 modo
1740 2612 1977 2672 adicitur
2003 2612 2158 2670 cubi·

182 2694 312 2753 culo
347 2695 518 2755 modo
557 2696 824 2756 aufertur.
886 2696 1117 2758 Lectum
1146 2707 1204 2758 et
1239 2697 1372 2756 duas
1399 2696 1692 2757 cathedras
1724 2698 1900 2773 capit:
1942 2713 1974 2754 a
2001 2692 2158 2772 pedi-

28 2773 29 2782 ’
110 2776 286 2846 aobus
317 2795 506 2856 mare,
542 2798 574 2839 a
605 2789 770 2857 tergo
805 2779 1005 2857 villae,
1045 2799 1076 2840 a
1120 2783 1306 2858 capite
1339 2780 1544 2840 silvae:
1587 2789 1669 2838 tot
1698 2779 1874 2838 facies
1903 2778 2159 2838 locorum

183 2863 417 2922 totidem
448 2863 712 2922 fenestris
754 2873 812 2923 et
851 2863 1140 2940 distinguit
1168 2873 1227 2923 et
1256 2866 1476 2924 miscet.
1533 2862 1783 2922 Iunctum
1813 2871 1900 2920 est
1930 2861 2157 2921 cubicu-
2176 2865 2244 2918 22

183 2945 294 3004 lum
322 2948 509 3006 noctis
545 2956 603 3006 et
637 2948 834 3006 somni.
871 2945 998 3007 Non
1038 2946 1177 3006 illud
1218 2963 1395 3006 voces
1427 2946 1812 3022 servolorum,
1856 2963 1967 3005 non
1993 2946 2159 3004 maris
2201 2962 2205 2966 ·

183 3047 458 3106 murmur,
499 3048 612 3089 non
641 3040 1034 3107 tempestatum
1065 3039 1250 3089 motus
1270 3075 1287 3106 ,
1323 3047 1432 3089 non
1463 3030 1743 3107 fulgurum
1770 3028 1958 3089 lumen
1992 3046 2058 3087 ac
2085 3045 2159 3088 ne

185 3111 330 3172 diem
357 3112 582 3190 quidem
621 3116 820 3191 sentit,
864 3115 968 3172 nisi
1000 3114 1267 3173 fenestris
1296 3114 1546 3191 apertis„
1589 3112 1722 3173 Tam
1759 3112 1855 3174 alti
1878 3112 2161 3189 abditique

114 3198 395 3256 &secreti
439 3194 536 3256 illa
579 3198 758 3275 ratio,
803 3196 953 3274 quod
989 3198 1328 3257 interiacens
1364 3181 1573 3285 andron
1601 3198 1870 3274 parietem
1914 3194 2161 3255 cubiculi

137 3312 143 3318 ·
187 3277 446 3358 hortique
468 3279 757 3357 distinguit
784 3290 950 3358 atque
972 3282 1046 3340 ita
1069 3298 1288 3339 omnem
1314 3297 1510 3339 sonum
1530 3280 1708 3340 media
1733 3281 1992 3340 inanitate
2026 3296 2159 3337 con-

80 3407 121 3441 „
188 3364 369 3422 sumit.
412 3362 757 3440 Adplioitum
777 3374 866 3423 est
889 3362 1151 3423 cubiculo
1174 3363 1566 3441 hypocauston
1587 3365 1977 3442 perexiguum,
2010 3359 2159 3439 quod
2176 3368 2244 3421 23

104 3445 111 3450 ’
189 3455 421 3526 angusta
447 3446 697 3508 fenestra
719 3449 1069 3527 suppositum
1095 3446 1363 3526 calorem,
1394 3457 1453 3507 ut
1474 3449 1615 3508 ratio
1640 3447 1838 3525 exigit,
1869 3455 1962 3506 aut
1985 3445 2159 3503 effun-
