2467 3850
338 192 416 254 58
1179 191 1247 253 C.
1292 192 1481 253 PLINI

286 363 318 412 2
338 351 527 403 teneat
569 343 808 403 modum.
873 343 1049 405 Erunt
1081 344 1268 404 officia
1299 345 1657 420 antelucana,
1699 346 1755 404 in
1783 362 1927 423 quae
1955 343 2257 409 Incidere
2239 366 2317 409 rn-

338 445 484 506 pune
514 446 585 486 ne
616 426 814 488 Catoni
844 430 1066 507 quidem
1094 429 1272 505 licuit,
1306 446 1472 508 quem
1493 439 1678 489 tamen
1702 427 1764 488 G.
1792 428 2003 490 Caesar
2026 433 2099 490 ita
2124 448 2315 514 repre-

283 528 317 581 3
336 510 525 571 hendit
556 521 614 571 ut
644 512 846 571 laudet.
892 513 1178 574 Describit
1208 516 1357 572 enim
1386 531 1487 573 eos
1517 515 1719 591 quibus
1752 514 1950 574 obvius
1981 515 2163 574 fuerat
2192 534 2314 574 cum

335 604 502 674 eaput
531 596 671 655 ebrii
698 600 1077 674 retexissent,
1123 598 1447 657 erubuisse:
1492 596 1693 657 deinde
1722 598 1889 657 adicit
1922 604 2174 677 ‘putares
2204 619 2311 663 non

333 680 403 739 ab
444 677 554 739 illis
596 678 898 758 Catonem,
941 681 1045 740 sed
1084 679 1212 740 illos
1253 700 1285 740 a
1315 680 1528 741 Catone
1550 679 1993 779 deprehensos?
2055 681 2362 764 Potuitue5

336 763 461 842 plus
491 766 833 823 auctoritatis
864 765 1029 825 tribui
1069 763 1268 824 Catoni
1311 783 1473 844 quam
1515 765 1565 824 si
1594 764 1785 824 ebrius
1818 783 2043 844 quoque
2074 775 2183 827 tam
2212 786 2306 827 ve·

279 848 595 908 4nerabilis
627 845 789 907 erat?
831 848 1071 909 Nostrae
1115 857 1299 908 tamen
1341 866 1518 908 cenae
1559 856 1619 906 ut
1646 859 1943 948 apparatus
1974 860 2034 910 et
2064 851 2305 928 inpendii

331 933 417 990 sic
446 933 718 1010 temporis
761 933 958 993 modus
998 942 1239 993 constet.
1303 932 1505 1011 Neque
1535 933 1682 1005 enim
1708 935 1746 991 ii
1773 951 1965 993 sumus
1995 952 2138 1012 quos
2171 937 2304 1009 vitu,-

330 1033 532 1094 perare
560 1034 630 1075 ne
662 1017 867 1077 inimici
900 1018 1123 1095 quidem
1162 1018 1383 1095 possint
1420 1017 1527 1076 nisi
1554 1024 1614 1076 ut
1644 1017 1808 1077 simul
1837 1017 2079 1080 laudent.
2146 1018 2303 1080 Vale.

1248 1148 1400 1210 xm.
2213 1138 2255 1205 s
2324 1125 2393 1176 1⁰

717 1250 773 1302 C.
810 1251 1056 1302 PLINIUS
1088 1250 1368 1302 VOCONIO
1402 1250 1669 1302 ROMANO
1703 1251 1823 1302 SUo
1857 1250 1908 1303 S.

280 1364 305 1413 l
451 1352 674 1413 Librum
716 1369 828 1432 quo
869 1371 1049 1431 nuper
1077 1354 1287 1432 optimo
1314 1355 1554 1432 principi
1591 1352 1788 1412 consul
1815 1354 2022 1429 gratias
2061 1355 2153 1430 egi
2183 1356 2305 1413 misi

274 1439 575 1513 2exigenti
604 1438 735 1514 tibi,
767 1439 1071 1513 missurus,
1105 1439 1211 1496 etsi
1240 1454 1350 1495 non
1382 1439 1698 1514 exegisses.
1746 1437 1807 1496 In
1836 1437 1947 1496 hoc
1977 1436 2303 1497 consideres

325 1521 494 1580 velim
523 1530 583 1579 ut
613 1518 1079 1600 pulchritudinem
1121 1522 1385 1580 materiae
1430 1523 1504 1580 ita
1533 1519 1932 1581 difficultatem.
2002 1520 2063 1579 ln
2094 1523 2301 1581 ceteris
2321 1536 2387 1591 15

326 1606 472 1664 enim
510 1605 785 1665 lectorem
827 1607 1044 1664 novitas
1087 1606 1211 1681 ipsa
1251 1606 1521 1665 intentum
1561 1604 1780 1680 habet,
1808 1607 1863 1663 iu
1892 1605 1997 1663 hac
2024 1613 2154 1663 nota
2182 1603 2302 1663 vul·

324 1698 452 1766 gata
483 1688 631 1749 dieta
663 1699 788 1748 sunt
817 1690 1029 1758 omnia;
1075 1705 1186 1766 quo
1223 1690 1283 1748 fit
1312 1697 1371 1747 ut
1405 1689 1563 1766 quasi
1593 1690 1811 1751 otiosus
1841 1704 2189 1765 securusque
2221 1688 2303 1748 le·

328 1781 450 1832 ctor
483 1782 690 1833 tantum
720 1773 1023 1833 elocutioni
1053 1780 1253 1849 vacet,
1298 1774 1354 1831 in
1384 1789 1488 1850 qua
1521 1771 1850 1832 satisfacere
1881 1770 2159 1831 difficilius
2190 1780 2299 1849 est,

272 1863 306 1916 3
326 1874 451 1916 cum
480 1857 601 1916 sola
629 1858 966 1917 aestimatur.
1021 1857 1206 1935 Atque
1236 1858 1442 1915 utinam
1473 1855 1612 1915 ordo
1642 1855 1841 1916 saltem
1870 1864 1928 1914 et
1955 1850 2216 1915 transitus
2245 1864 2302 1915 et

322 1943 533 2019 figurae
562 1941 720 2001 simul
751 1941 1166 2019 spectarentur!
1205 1939 1346 2000 Nam
1373 1942 1623 2000 invenire
1652 1940 1976 2019 praeclare,
2012 1942 2387 2012 enuntiarem

292 2026 614 2101 fmagnifice
645 2024 919 2085 interdum
949 2027 1114 2083 etiam
1142 2023 1360 2083 barbari
1390 2023 1608 2101 solent,
1641 2024 1943 2101 disponere
1973 2032 2126 2101 apte,
2159 2026 2300 2101 figu-

269 2115 445 2167 4rare
476 2109 628 2167 varie
657 2109 761 2166 nisi
793 2106 1022 2166 eruditis
1054 2115 1316 2183 negatum
1347 2115 1452 2166 est.
1497 2106 1621 2167 Nec
1650 2124 1787 2167 vero
1819 2107 2152 2168 adfectanda
2172 2117 2303 2170 sunt

323 2208 551 2267 semper
578 2189 722 2248 elata
754 2201 811 2250 et
843 2188 1093 2248 excelsa.
1135 2188 1273 2248 Nam
1304 2201 1361 2250 ut
1393 2193 1449 2249 in
1476 2194 1687 2270 pictura
1718 2190 1903 2249 lumen
1932 2208 2042 2250 non
2070 2190 2177 2251 alia
2203 2209 2300 2251 res

318 2276 494 2349 magis
524 2290 686 2350 quam
715 2273 906 2332 umbra
938 2272 1318 2350 commendat,
1362 2276 1436 2334 ita
1478 2277 1784 2335 orationem
1813 2285 1923 2334 tam
1954 2279 2301 2335 summittere

268 2365 300 2414 5
320 2373 479 2434 quam
508 2354 767 2415 attollere
799 2355 982 2415 decet.
1030 2356 1141 2415 Sed
1172 2357 1302 2435 quid
1326 2375 1436 2436 ego
1458 2359 1601 2418 haec
1626 2359 1950 2420 doctissimo
1973 2355 2135 2418 viro?
2166 2361 2299 2436 quin
2315 2374 2381 2427 25

321 2442 506 2517 potius
550 2437 721 2515 illud,
762 2438 964 2499 adnota
993 2458 1134 2518 quae
1165 2444 1447 2519 putaveris
1479 2443 1831 2519 corrigenda.
1897 2443 1976 2502 Ita
2007 2445 2153 2502 enim
2183 2460 2298 2501 ma·

316 2525 404 2600 gis
435 2522 656 2665 credrzuln
691 2532 881 2584 cetera
911 2524 1009 2584 tihi
1039 2522 1288 2604 plaeere,
1319 2528 1367 2585 si
1400 2526 1669 2608 quaedam
1700 2526 2057 2604 displicuisse
2082 2542 2299 2603 eogno-

314 2623 452 2667 vero
584 2624 614 2665 a
639 2625 689 2667 e.

1203 2742 1389 2804 XIIII.

882 2840 939 2890 e.
975 2842 1223 2893 PL1N11JS
1259 2843 1473 2895 Aemo
1510 2843 1626 2896 suo
1659 2842 1711 2893 S.

265 2954 286 3004 1
433 2943 575 3002 Rem
602 2954 849 3005 atrocem
880 2964 986 3005 nee
1017 2955 1226 3006 tantum
1259 2946 1499 3024 epistula
1527 2946 1747 3023 dignam
1776 2944 2007 3023 Largius
2029 2943 2297 3021 Macedo,
2355 3014 2360 3018 ,

313 3030 397 3086 vir
440 3030 786 3106 praetorius,
822 3047 857 3088 a
886 3032 1068 3089 servis
1096 3032 1211 3089 suis
1241 3048 1444 3108 passus
1478 3039 1600 3108 est,
1635 3029 1915 3107 superbus
1956 3029 2166 3107 alioqui
2195 3029 2299 3089 do-

313 3114 490 3170 minus
521 3119 577 3170 et
606 3129 809 3172 saevus
842 3121 899 3172 et
930 3114 1022 3191 qui
1052 3116 1303 3174 servisse
1332 3124 1548 3193 patrem
1578 3131 1737 3172 suum
1767 3131 1983 3192 parum,
2015 3115 2181 3173 immo
2212 3115 2297 3172 ni-

262 3197 477 3254 2mium
519 3197 878 3255 meminisset.
944 3195 1249 3256 Lavabatur
1285 3197 1340 3256 in
1367 3197 1498 3257 villa
1537 3196 1854 3257 Formiana:
1894 3206 2131 3275 repente
2164 3203 2382 3258 eum-35

313 3280 462 3338 servi
511 3280 946 3339 circumsistunt:
999 3277 1138 3339 aliu‘s
1179 3280 1374 3341 fauces
1415 3281 1652 3356 invadit,
1711 3281 1852 3341 alius
1893 3296 1958 3339 os
2000 3280 2292 3357 verberat,

312 3361 451 3421 alius
482 3372 683 3439 peetus
717 3371 773 3420 et
802 3373 1055 3421 ventrem
1085 3374 1253 3440 atque
1298 3366 1496 3438 etiam,
1545 3364 1771 3423 foedum
1812 3365 1996 3441 dictu,
2039 3363 2297 3423 verenda

313 3444 623 3513 cont-andin
670 3456 728 3504 et
757 3463 880 3504 cum
911 3447 1215 3504 exanimem
1245 3456 1533 3525 putarent,
1577 3448 1820 3506 abiciunt
1847 3449 1903 3506 in
1930 3447 2160 3507 fervens
2192 3465 2297 3527 pa·

2315 2788 2384 2842 30
