2467 3850
595 167 604 172 ·
703 148 1227 213 PANEGYRICUS
1262 160 1349 216 ⁷5.
1376 161 1461 217 76.
1487 160 1574 218 77.
2004 155 2129 221 287

159 299 387 362 bantur?
428 299 620 363 Ceteri
652 303 876 382 quidem
910 302 1079 363 defixi
1110 311 1167 362 et
1198 306 1414 364 attoniti
1440 308 1618 385 ipsam
1645 304 1794 365 illam
1825 318 2028 368 mutam
2062 328 2130 370 ac

11 387 12 444 ζ
115 419 124 428 ,
159 385 520 446 sedentariam
556 387 901 447 adsentiendi
945 389 1342 446 necessitatem
1382 407 1495 467 quo
1537 407 1663 448 cum
1704 389 1901 451 dolore
1939 395 2127 471 animi,

159 487 266 547 quo
295 488 419 531 cum
447 472 619 530 totius
653 473 910 550 corporis
941 471 1177 530 horrore
1209 473 1704 549 perpetiebantur!
1759 474 1915 535 Unus
1946 475 2128 536 solus·

11 627 14 635 k
157 572 264 632 que
305 555 575 614 censebat
616 555 767 633 quod
798 562 1173 633 sequerentur
1201 571 1397 615 omnes
1427 566 1487 615 et
1519 574 1712 617 omnes
1742 559 2126 636 inprobarent‚

11 711 12 720 ἵ
105 652 141 705 5
160 639 213 696 in
242 639 432 716 primis
459 639 585 717 ipse
608 641 703 717 qui
732 648 1052 699 censuerat.
1092 637 1258 697 Adeo
1281 637 1433 698 nulla
1452 642 1630 717 magis
1656 642 1911 702 omnibus
1934 642 2128 721 displi-

158 731 281 780 cent
311 739 473 799 quam
504 741 647 800 quae
680 725 765 782 sic
794 724 928 782 fiunt
955 731 1231 800 tamquam
1262 723 1516 782 omnibus
1544 724 1820 802 placeant.
1860 725 2127 787 Fortasse

155 807 451 885 imperator
489 808 545 866 in
586 817 783 867 senatu
812 805 882 874 ad
910 807 1287 865 reverentiam
1318 808 1441 867 eius
1475 808 1929 887 conponebatur:
1973 820 2127 870 cete·

151 907 269 949 rum
292 906 563 966 egressus
593 891 778 950 statim
799 909 865 950 se
885 889 1199 968 recipiebat
1220 891 1277 948 in
1302 891 1635 968 principem,
1670 894 1967 971 omniaque
1991 911 2124 953 con-

153 971 355 1033 sularia
395 973 581 1034 officia
615 974 875 1048 abicere,
918 971 1269 1050 neglegere,
1310 983 1674 1035 contemnere
1716 976 1954 1036 solebat.
2017 976 2126 1036 Ille

64 1073 138 1125 10
153 1074 289 1116 vero
315 1058 392 1116 ita
421 1058 618 1117 consul
654 1067 715 1117 ut
743 1060 792 1118 si
821 1065 1030 1115 tantum
1059 1054 1258 1117 consul
1288 1056 1458 1136 foret,
1492 1059 1625 1118 nihil
1649 1059 1788 1119 infra
1812 1078 1875 1119 se
1900 1061 2129 1138 putabat

151 1143 256 1201 nisi
293 1140 445 1218 quod
478 1141 619 1201 infra
645 1140 941 1202 consulem
971 1150 1147 1201 esset.
1206 1140 1295 1200 Ac
1326 1143 1561 1220 primum
1584 1144 1660 1202 ita
1688 1141 1852 1202 domo
1888 1161 2126 1222 progre-

154 1224 403 1284 diebatur
431 1234 492 1284 ut
520 1225 673 1285 illum
702 1224 888 1285 nullus
911 1234 1207 1304 apparatus
1230 1224 1591 1303 adrogantiae
1623 1227 1969 1306 principalis,
2002 1228 2124 1287 nul·

149 1308 239 1369 lus
263 1326 690 1387 praecursorum
713 1309 977 1370 tumultus
1009 1308 1304 1369 detineret.
1349 1309 1472 1371 Una
1501 1319 1618 1372 erat
1646 1312 1703 1369 in
1730 1309 1920 1370 limine
1949 1329 2126 1389 mora,

154 1392 471 1453 consultare
510 1410 646 1453 aves
675 1394 1041 1470 revererique
1069 1394 1351 1452 numinum
1378 1397 1641 1454 monitus.
1698 1394 1879 1455 Nemo
1908 1405 2128 1474 protur-

61 1489 135 1543 15
154 1477 422 1552 babatur‚
464 1495 629 1537 nemo
661 1476 1141 1536 summovebatur:
1182 1485 1334 1535 tanta
1363 1479 1670 1538 viatoribus
1701 1481 1897 1556 quies,
1944 1489 2128 1539 tantus

156 1560 336 1640 pudor
363 1561 613 1621 fascibus
632 1570 694 1619 ut
723 1559 1056 1639 plerumque
1089 1557 1272 1617 aliena
1302 1559 1462 1619 turba
1493 1561 1804 1622 subsistere
1835 1572 1894 1621 et
1925 1582 2128 1624 consu·

148 1645 263 1706 lem
295 1653 353 1705 et
393 1645 704 1723 principem
746 1651 998 1720 cogeret.
1063 1640 1253 1719 Ipsius
1284 1641 1508 1719 quidem
1536 1644 1782 1704 officium
1817 1654 1926 1704 tam
1953 1647 2126 1707 modi·

150 1746 310 1806 cum,
359 1738 469 1788 tam
502 1737 869 1806 temperatum
910 1734 971 1784 ut
1007 1727 1268 1803 antiquus
1310 1724 1512 1803 aliquis
1551 1745 1898 1805 magnusque
1928 1730 2125 1788 consul

148 1813 253 1873 sub
277 1813 432 1872 bono
461 1813 719 1890 principe
750 1809 1017 1869 incedere
1046 1809 1354 1869 videretur.
1419 1808 1537 1869 Iter
1567 1809 1651 1869 illi
1694 1813 1923 1888 saepius
1959 1814 2016 1870 in
2041 1813 2127 1871 fo-

54 1911 300 1975 2orum,
341 1895 669 1974 frequenter
694 1904 877 1954 tamen
899 1895 1039 1954 etin
1068 1910 1337 1972 campum.
1398 1891 1551 1953 Nam
1580 1896 1801 1954 comitia
1832 1894 2123 1954 consulum
2148 1899 2225 1964 77

145 1982 336 2042 obibat
376 1983 532 2057 ipse:
580 1989 787 2038 tantum
825 1996 899 2037 ex
938 1980 1344 2037 renuntiatione
1385 1994 1580 2037 eorum
1622 1977 1924 2057 voluptatis
1955 1997 2123 2057 quan·

145 2076 261 2126 tum
289 2066 444 2142 prius
470 2082 544 2123 ex
570 2063 940 2123 destinatione
970 2062 1250 2138 capiebat.
1305 2061 1533 2121 Stabant
1563 2061 1837 2121 candidati
1869 2073 1996 2122 ante
2030 2081 2126 2121 cu·

143 2148 328 2209 rulem
358 2148 662 2226 principis,
711 2155 772 2205 ut
812 2147 937 2223 ipse
979 2153 1106 2204 ante
1138 2143 1389 2206 consulis
1418 2153 1684 2222 steterat,
1736 2144 2124 2222 adigebantur·

147 2250 263 2312 que
293 2232 349 2290 in
370 2226 545 2290 verba
572 2232 627 2289 in
658 2247 800 2308 quae
831 2227 1005 2308 paulo
1042 2238 1171 2288 ante
1209 2231 1338 2306 ipse
1380 2230 1657 2290 iuraverat
1691 2232 1989 2310 princeps,
2032 2234 2127 2309 qui

51 2326 359 2381 25tantum
398 2324 558 2394 putat
596 2332 729 2375 esse
769 2315 827 2372 in
865 2315 987 2372 iure
1026 2313 1256 2374 iurando
1296 2321 1358 2372 ut
1391 2311 1531 2373 illud
1572 2323 1633 2373 et
1656 2314 1726 2373 ab
1761 2313 1886 2373 aliis
1916 2316 2125 2392 exigat.

141 2399 384 2478 Reliqua
413 2416 543 2478 pars
572 2398 684 2458 diei
715 2396 973 2456 tribunali
1000 2395 1246 2457 dabatur.
1290 2396 1376 2456 Ibi
1406 2415 1544 2456 vero
1576 2407 1775 2476 quanta
1797 2396 2002 2475 religio
2032 2417 2126 2460 ae-

143 2483 401 2562 quitatis!
433 2491 635 2561 quanta
664 2481 857 2559 legum
878 2481 1221 2541 reverentia!
1255 2481 1460 2541 Adibat
1482 2481 1680 2560 aliquis
1706 2492 1765 2541 ut
1787 2484 2125 2560 principem:

140 2567 532 2644 respondebat
563 2585 627 2625 se
662 2565 953 2645 consulem
981 2583 1130 2625 esse.
1175 2564 1395 2627 Nullius
1428 2566 1499 2625 ab
1529 2583 1599 2624 eo
1628 2567 1980 2641 magistratus
2015 2566 2124 2638 iuS‚

140 2650 354 2712 nullius
396 2652 700 2711 auctoritas
732 2651 992 2709 inminuta
1030 2658 1153 2726 est,
1205 2659 1368 2710 aucta
1398 2651 1589 2715 etiam;
1640 2647 1912 2724 siquidem
1941 2646 2125 2723 plera-

45 2746 258 2814 3oque
300 2735 369 2794 ad
413 2743 709 2814 praetores
748 2732 1099 2809 remittebat,
1150 2741 1317 2810 atque
1358 2733 1434 2790 ita
1474 2740 1533 2790 ut
1573 2728 1827 2805 collegas
1868 2739 2122 2804 vocaret,

138 2837 259 2879 non
291 2821 420 2896 quia
453 2816 730 2898 populare
759 2826 1088 2894 gratumque
1115 2813 1466 2875 audientibus
1483 2860 1501 2891 ‚
1528 2812 1632 2873 sed
1660 2815 1787 2890 quia
1815 2815 1888 2871 ita
1917 2813 2125 2872 sentie-

140 2903 259 2962 bat.
310 2901 541 2962 Tantum
570 2902 904 2980 dignationis
934 2903 1138 2977 inipso
1160 2898 1375 2958 honore
1396 2898 1646 2975 ponebat
1667 2905 1726 2955 ut
1746 2914 1858 2955 non
1890 2893 2127 2974 amplius

140 3005 284 3047 esse
310 2996 572 3046 censeret
599 2985 752 3064 quod
772 2985 974 3063 aliquis
994 2982 1219 3059 collega
1243 2980 1624 3059 appellaretur
1645 2981 1947 3058 aprincipe
1965 2997 2128 3058 quam

137 3068 303 3149 quod
334 3079 561 3149 praetor
588 3078 765 3130 esset.
802 3069 893 3128 Ad
921 3068 1033 3127 boc
1059 3077 1171 3127 tam
1196 3065 1459 3125 adsiduus
1488 3066 1544 3146 in
1570 3062 1829 3124 tribunali
1851 3072 1913 3123 ut
1933 3063 2127 3124 labore

40 3155 307 3219 35refici
348 3172 417 3214 ac
456 3155 703 3231 reparari
730 3152 1033 3212 videretur.
1102 3149 1241 3222 Quis
1270 3147 1695 3209 nostrum·idem
1727 3164 1927 3223 curae,
1979 3147 2128 3207 idem

132 3238 372 3299 sudoris
402 3233 666 3297 insumit?
699 3237 826 3314 quis
854 3235 997 3295 adeo
1026 3234 1292 3312 expetitis
1319 3232 1628 3311 bonoribus·
1647 3240 1740 3291 aut
1761 3231 2009 3293 deservit
2034 3243 2130 3292 aut

132 3322 360 3384 sufficit
372 3318 409 3379 ⁶?-
436 3320 511 3381 Et
540 3337 675 3380 sane
704 3336 942 3397 aequum
970 3325 1059 3378 est
1087 3325 1295 3376 tantum
1323 3318 1532 3377 ceteris
1559 3323 1851 3395 praestare
1885 3314 2127 3377 consuli·

130 3408 252 3468 hus
299 3405 479 3482 ipsum
520 3405 614 3481 qui
649 3402 926 3464 consula
945 3400 1104 3461 facit:
1148 3403 1358 3480 quippe
1393 3403 1556 3460 etiam
1591 3400 1809 3460 fortuna
1837 3399 2130 3459 videbatur
