2467 3850
695 172 1215 234 EPISTULARUM
1242 171 1366 235 VII.
1414 182 1495 238 18.
1530 182 1615 238 19.
2022 175 2143 239 143

148 329 389 400 intuear,
424 325 625 403 quibus
657 326 901 406 credam,
939 344 1082 405 quos
1107 326 1351 406 denique
1381 337 1440 386 et
1466 337 1742 405 tamquam
1764 325 2020 403 singulos
2043 328 2144 387 ob·

150 428 380 471 servem
424 418 483 467 et
517 401 794 488 tamquam
829 429 941 470 non
984 411 1237 487 singulos
1284 414 1524 471 timeam.
1589 410 1728 469 Nam
1760 410 1911 489 quod
1939 409 2017 469 M.
2050 410 2144 470 Ci·
2160 424 2226 477 13

154 510 294 553 cero
330 493 402 552 de
430 492 585 568 stilo,
618 510 731 569 ego
754 493 824 553 de
852 503 1003 553 metu
1026 497 1231 555 sentio.
1278 494 1466 554 Timor
1490 502 1580 555 est
1601 493 1928 554 emendator
1948 512 2141 573 asper·

152 580 347 637 rimus.
392 574 516 635 Hoc
544 577 762 653 ipsum,
796 577 945 655 quod
973 596 1079 638 nos
1110 581 1451 639 recitaturos
1485 580 1820 655 cogitamus,
1853 578 2142 639 emendat:

100 682 132 734 5
155 649 311 741 quod
339 659 668 721 auditorium
698 660 1067 739 ingredimur,
1099 661 1389 722 emendat:
1432 662 1585 741 quod
1610 659 1919 741 pallemus,
1948 663 2142 723 horre·

153 748 400 821 scimus,
439 745 961 821 circumspicimus,
997 746 1274 806 emendat.
1340 745 1582 806 Pr0inde
1619 763 1733 805 non
1775 748 2024 823 paenitet
2049 764 2140 806 me
2161 758 2227 810 14

154 827 582 889 consuetudinis
611 845 804 902 meae,
842 845 1005 906 quam
1036 829 1383 891 utilissimam
1410 832 1709 909 experior,
1742 829 2001 908 adeoque
2030 847 2142 889 non

155 914 454 973 deterreor
494 907 865 972 sermunculis
903 911 1169 990 istorum,
1218 924 1281 974 ut
1322 915 1471 974 ultro
1511 923 1570 974 te
1611 931 1810 991 rogem
1857 924 2140 975 monstres

153 996 369 1075 aliquid
399 995 552 1073 quod
582 994 669 1055 his
701 994 912 1054 addam.
952 994 1103 1054 Nihil
1134 1001 1280 1057 enim
1316 1016 1485 1058 curae
1515 1015 1675 1058 meae
1714 999 1849 1058 satis
1877 1007 1983 1059 est.
2030 996 2141 1057 Co·
2162 1009 2227 1062 15

73 1094 139 1146 10
158 1084 283 1158 gito
329 1097 491 1158 quam
528 1081 598 1138 sit
640 1096 899 1155 magnum
939 1077 1070 1138 dare
1111 1079 1319 1159 aliquid
1362 1085 1416 1141 in
1448 1100 1641 1142 manus
1674 1082 1991 1159 hominum,
2035 1098 2143 1142 nee

156 1163 505 1243 persuadere
545 1163 676 1221 mihi
717 1180 952 1241 possum
993 1180 1105 1222 non
1140 1172 1199 1222 et
1231 1184 1356 1223 cum
1383 1165 1570 1226 multis
1601 1176 1660 1225 et
1696 1183 1871 1245 saepe
1904 1175 2143 1228 tractan-

157 1248 288 1307 dum
317 1246 468 1327 quod
498 1245 730 1324 placere
763 1255 823 1306 et
851 1263 1079 1326 semper
1108 1256 1168 1305 et
1199 1250 1453 1309 omnibus
1479 1252 1695 1329 cupias.
1753 1249 1911 1310 Vale.

1048 1379 1256 1440 XVIII.

79 1516 141 1569 15
702 1477 757 1532 C.
795 1477 1041 1529 PLINIUS
1078 1477 1335 1528 CANINIO
1376 1476 1492 1528 SUO
1530 1478 1583 1529 S.

293 1581 594 1643 Deliberas
627 1598 851 1641 mecum
891 1578 1354 1659 quemadmodum
1392 1582 1636 1657 pecunia
1664 1598 1826 1660 quam
1852 1583 2143 1661 municipi·
2165 1598 2193 1648 1

162 1667 270 1726 bus
299 1669 509 1726 nostris
534 1667 591 1724 in
618 1665 849 1744 epulum
878 1663 1135 1743 optulisti
1162 1671 1297 1742 post
1332 1672 1391 1723 te
1427 1681 1654 1742 quoque
1685 1665 1839 1724 salva
1871 1668 1959 1726 sit.
2030 1665 2143 1726 Ho-

162 1758 323 1809 nesta
354 1749 723 1827 consultatio,
753 1767 866 1809 non
889 1746 1157 1826 expedita
1175 1748 1473 1806 sententia.
1537 1745 1814 1809 Numeres
1847 1753 1930 1809 rei
1961 1749 2146 1828 publi-

164 1851 269 1892 cae
313 1830 618 1893 summam?
661 1831 970 1892 verendum
1000 1840 1090 1891 est
1117 1849 1188 1890 ne
1222 1829 1515 1889 dilabatur.
1562 1829 1683 1890 Des
1713 1831 1923 1908 agros?
1953 1843 2014 1892 ut
2043 1851 2145 1911 pu·

81 1917 302 1981 sublici
349 1916 744 1996 neglegentur.
819 1915 1097 1995 Equidem
1150 1914 1287 1974 nihil
1330 1914 1677 1975 commodius
1712 1916 1939 1976 invenio
1984 1930 2195 1995 quam2

162 2000 316 2079 quod
344 2004 470 2080 ipse
495 2003 626 2061 feci.
670 2000 810 2061 Nam
837 2000 1291 2080 proflquingentis
1319 1999 1541 2060 milibus
1570 2016 1850 2059 nummum
1870 2046 1887 2077 ,
1919 2020 2061 2079 quae
2089 2003 2146 2060 in

161 2086 422 2165 alimenta
462 2089 832 2163 ingenuorum
866 2088 1346 2162 ingenuarumque
1387 2086 1786 2162 promiseram,
1843 2102 2035 2161 agrum
2076 2104 2149 2145 ex

160 2173 306 2230 meis
336 2169 506 2247 longe
536 2169 712 2248 pluris
742 2171 919 2230 actori
950 2168 1182 2247 publico
1221 2170 1562 2246 mancipavi:
1604 2167 1857 2228 eundem·
1882 2168 2147 2246 vectigali

164 2256 414 2332 inposito
443 2256 676 2333 recepi,
708 2255 925 2313 tricena
954 2252 1104 2311 milia
1131 2269 1308 2312 annua
1337 2251 1581 2313 daturus.
1639 2251 1749 2311 Per
1774 2250 1886 2312 hoc
1917 2255 2062 2313 enim
2091 2260 2199 2314 et3

82 2339 247 2404 25rei
282 2337 547 2416 publicae
590 2355 717 2398 sors
751 2341 807 2396 in
845 2346 965 2396 tuto
1009 2352 1117 2396 nee
1160 2335 1376 2396 reditus
1417 2338 1699 2413 incertus,
1740 2345 1799 2396 et
1838 2355 1978 2414 ager
2023 2339 2148 2416 ipse

33 2426 34 2435 ’
162 2431 402 2501 propter
435 2420 491 2480 id
535 2421 685 2500 quod
715 2420 963 2498 vectigal
1003 2420 1161 2496 large
1204 2421 1555 2499 supercurrit
1594 2437 1824 2497 semper
1850 2420 2147 2496 dominum,

161 2523 195 2564 a
239 2523 351 2582 quo
393 2515 759 2583 exerceatur,
804 2506 1066 2564 inveniet.
1140 2502 1266 2564 Nec
1312 2506 1512 2580 ignoro
1562 2521 1652 2563 me
1693 2502 1824 2582 plus
1869 2505 2201 2582 aliquanto4

162 2606 331 2668 quam
371 2588 613 2650 donasse
653 2590 856 2649 videor
894 2589 1258 2665 erogavisse,
1304 2605 1430 2648 cum
1475 2587 1838 2666 pulcherrimi
1868 2591 1988 2666 agri
2019 2606 2147 2666 pre·

164 2675 302 2733 tium
334 2675 649 2734 necessitas
678 2672 981 2750 vectigalis
1012 2670 1322 2748 infregerit.
1369 2672 1487 2732 Sed
1516 2681 1743 2751 oportet
1774 2672 2006 2750 privatis
2041 2674 2147 2731 uti·
2165 2680 2199 2732 5

83 2757 411 2827 301itatibus
440 2756 722 2836 publicas,
759 2756 1087 2817 mortalibus
1119 2763 1376 2816 aeternas
1404 2756 1719 2833 anteferre,
1751 2754 2037 2834 multoque
2067 2754 2146 2814 di·

161 2840 431 2918 ligentius
460 2843 673 2901 muneri
696 2859 800 2902 suo
833 2836 1137 2901 consulere
1166 2855 1331 2915 quam
1359 2839 1736 2901 facultatibus.
1797 2838 1956 2902 Vale.

1042 2970 1275 3035 XVIIII.

737 3073 792 3127 c,
832 3071 1080 3123 Pmes
1116 3069 1343 3122 musco
1380 3070 1501 3122 sno
1538 3071 1593 3124 S.

85 3184 147 3238 35
286 3176 463 3251 Angit
493 3192 584 3234 me
627 3173 867 3235 Fanniae
898 3172 1179 3235 valetudo.
1244 3172 1539 3232 Contraxit
1568 3172 1744 3249 hanc,
1775 3173 1902 3232 dum
1930 3172 2147 3235 adsidet
2167 3187 2196 3237 1

165 3258 356 3318 Iuniae
383 3260 609 3336 virgini,
645 3269 851 3337 sponte
884 3261 1120 3338 primum
1151 3257 1273 3335 (est
1303 3258 1449 3317 enim
1478 3254 1722 3334 adfinis),
1755 3256 1957 3317 deinde
1981 3260 2147 3317 etiam

168 3360 242 3401 ex
264 3346 598 3403 auctoritate
638 3344 983 3421 pontificum.
1047 3341 1187 3401 Nam
1213 3341 1499 3417 virgines,
1555 3357 1681 3399 cum
1712 3342 1768 3399 vi
1796 3341 1974 3400 morbi
2002 3343 2143 3400 atrio
2164 3352 2198 3402 2

166 3425 379 3487 Vestae
431 3436 710 3505 coguntur
761 3427 1076 3506 excedere,
1123 3435 1492 3488 matronarum
1535 3441 1702 3484 curae
1745 3423 2144 3502 custodiaeque
