2467 3850
300 172 426 236 236
900 171 963 232 C.
1006 170 1198 233 PLINI
1239 172 1336 232 ET
1378 171 1693 236 TRAIANI

300 328 466 386 etiam
507 327 599 403 qui
646 345 678 386 a
723 326 1056 387 censoribus
1109 325 1470 402 legerentur,
1524 325 1799 385 dumtaxat
1834 326 1889 384 iu
1932 326 2281 404 paucissimis

255 418 290 472 3
310 411 645 486 civitatibus,
671 409 818 469 aliud
843 410 990 487 aliis,
1023 410 1186 469 iussit
1208 409 1436 469 inferre.
1480 410 1758 487 Superest
1790 426 1930 486 ergo
1958 419 2016 469 ut
2041 411 2168 486 ipse
2200 409 2281 468 di-

301 494 510 572 spicias
561 512 629 554 an
672 495 726 553 in
774 494 1029 557 omnibus
1071 494 1389 553 civitatibus
1444 503 1659 553 certum
1705 492 1912 571 aliquid
1953 510 2146 553 omnes
2187 494 2283 571 qui

301 575 503 637 deinde
528 576 788 637 buleutae
817 578 1080 655 leguntur
1110 577 1351 637 debeant
1381 595 1484 655 pro
1513 577 1736 636 introitu
1770 575 1920 637 dare.
1966 575 2104 636 Nam
2132 575 2284 653 quod

302 662 357 720 in
388 671 722 740 perpetuum
763 679 1079 726 mansurum
1108 670 1197 721 est
1235 680 1270 721 a
1300 670 1358 721 te
1391 657 1653 722 constitui
1685 660 1890 740 decet,
1933 662 2087 721 cuius
2115 659 2283 721 factis
2303 666 2341 719 5

303 744 583 824 dictisque
613 744 853 807 debetur
871 746 1194 808 aeternitas.

1027 875 1229 939 exul.
1282 875 1557 956 [oxum

964 976 1290 1030 TRAIANUS
1319 978 1531 1028 PL1N10
1567 977 1620 1033 S.

422 1081 784 1142 Honorarium
820 1080 1213 1142 decurionatus
1244 1098 1439 1141 omnes
1477 1082 1570 1160 qui
1597 1082 1653 1142 in
1686 1099 1908 1161 quaque
1941 1083 2160 1142 civitate
2189 1081 2282 1142 Bi·
2303 1089 2376 1141 10

299 1166 524 1242 thyniae
568 1165 903 1226 decuriones
945 1166 1080 1226 fiunt
1108 1165 1318 1224 inferre
1349 1164 1591 1225 debeant
1624 1183 1840 1243 necne,
1875 1168 1930 1225 in
1960 1167 2283 1226 universum

299 1269 332 1310 a
360 1268 450 1310 me
481 1266 591 1309 non
619 1258 813 1329 potest
839 1252 1023 1310 statui.
1069 1248 1134 1309 Id
1162 1265 1304 1327 ergo
1346 1248 1500 1328 quod
1533 1266 1762 1328 semper
1802 1251 2134 1310 tutissimum
2165 1259 2281 1327 est,

300 1333 647 1412 sequendam
692 1335 963 1411 cuiusque
1012 1334 1252 1394 civitatis
1293 1332 1483 1409 legem
1524 1342 1698 1411 puto,
1744 1333 1966 1393 scilicet
2008 1333 2281 1394 adversus

300 1435 406 1478 eos
436 1419 531 1496 qui
566 1418 720 1476 inviti
750 1416 885 1477 fiunt
915 1416 1252 1478 decuriones
1278 1416 1337 1477 id
1365 1418 1626 1476 existimo
1662 1426 1923 1494 acturos,
1962 1426 2024 1477 ut
2051 1426 2087 1486 †
2114 1435 2279 1496 prae-

300 1501 436 1561 fatio
463 1501 672 1561 ceteris
707 1500 1076 1579 praeferatur.
2302 1509 2371 1560 15

1046 1632 1278 1695 cxuu.
1322 1621 1539 1711 [cxv]

732 1733 787 1788 C.
834 1731 1078 1784 PLINIUS
1113 1732 1401 1783 TRAIANO
1439 1730 1855 1786 IMPERATORI.

248 1844 277 1895 1
419 1833 598 1913 Lege,
635 1834 890 1912 domine,
920 1833 1219 1912 Pompeia,
1258 1834 1593 1911 permissum
1623 1833 1931 1909 Bithynicis
1962 1833 2280 1894 civitatibus

296 1920 621 1985 adscribere
664 1920 772 1982 sibi
814 1938 957 1999 quos
996 1917 1215 1979 vellent
1252 1920 1431 1995 cives,
1464 1917 1590 1978 dum
1626 1937 1698 1979 ne
1726 1937 1891 1998 quem
1924 1935 2113 1978 earum
2143 1917 2279 1978 civi·
2295 1920 2373 1974 20

298 2015 469 2067 tatum
503 2023 646 2083 quae
690 2012 818 2064 sunt
851 2005 909 2064 iu
944 2003 1218 2078 Bithynia.
1286 2000 1499 2062 Eadem
1531 2003 1665 2083 lege
1695 2005 1942 2065 sancitur
1970 2002 2170 2081 quibus
2206 2001 2279 2061 de

249 2091 483 2150 2causis
526 2107 560 2148 e
599 2097 794 2149 senatu
840 2105 872 2147 a
913 2086 1247 2148 censoribus
1293 2088 1579 2148 eiciantur.
1645 2084 1781 2146 Inde
1824 2103 1913 2146 me
1954 2085 2173 2165 quidam
2206 2103 2280 2145 ex

301 2172 634 2234 censoribus
671 2169 1075 2233 consulendum
1118 2179 1455 2249 putaverunt
1496 2189 1563 2229 an
1605 2172 1796 2230 eicere
1841 2170 2115 2230 deberent
2149 2186 2281 2229 eum

246 2258 393 2334 3qui
417 2264 574 2315 esset
600 2253 832 2315 alterius
866 2256 1123 2317 civitatis.
1168 2252 1334 2331 Ego,
1365 2255 1489 2331 quia
1520 2253 1618 2313 lex
1645 2255 1791 2314 sicut
1819 2250 2059 2314 adscribi
2095 2255 2279 2312 civem

297 2339 538 2400 alienum
564 2337 806 2415 vetabat,
840 2340 916 2399 ita
937 2338 1046 2399 eici
1076 2356 1109 2398 e
1141 2347 1340 2397 senatu
1365 2337 1606 2398 obhauc
1640 2354 1862 2397 causam
1890 2355 2003 2397 nou
2023 2336 2275 2415 iubebat,
2293 2342 2372 2395 25

295 2432 591 2502 praeterea
647 2422 798 2501 quod
840 2422 1228 2483 adfirmabatur
1264 2422 1396 2481 mihi
1443 2423 1500 2481 iu
1546 2422 1692 2482 omni
1740 2422 1965 2482 civitate
2006 2420 2279 2499 plurimos

295 2525 430 2568 esse
472 2505 731 2569 buleutas
775 2525 849 2566 ex
889 2505 1012 2566 aliis
1054 2505 1371 2565 civitatibus
1412 2505 1772 2583 futurumque
1815 2514 1877 2565 ut
1916 2504 2074 2565 multi
2100 2505 2280 2565 homi-

301 2610 407 2654 ues
440 2591 761 2669 multaeque
798 2593 1054 2651 civitates
1087 2598 1545 2667 concuterentur,
1578 2608 1714 2650 cum
1743 2607 1810 2648 ea
1839 2606 1967 2667 pars
1995 2588 2143 2666 legis
2170 2589 2280 2647 iam

294 2675 511 2755 pridem
540 2693 824 2736 consensu
855 2673 1095 2753 quodam
1123 2671 1476 2734 exolevisset
1494 2718 1512 2751 ,
1554 2675 1940 2734 necessarium
1969 2673 2278 2733 existimavi

295 2760 595 2821 consulere
634 2768 692 2820 te
741 2759 874 2836 quid
914 2757 1248 2820 servandum
1285 2766 1537 2835 putares.
1598 2755 1795 2837 Capita
1837 2756 1984 2836 legis
2011 2756 2098 2818 bis
2126 2757 2370 2817 litte-30

291 2845 369 2905 ris
398 2845 637 2905 subieci.

1055 2972 1223 3033 cxv.
1272 2971 1517 3052 [cxv1.]

951 3072 1275 3125 TRAIANUS
1308 3072 1519 3125 PLINIO
1557 3071 1609 3124 S.

415 3174 619 3237 Merito
671 3177 937 3255 haesisti,
998 3176 1264 3239 Secunde
1310 3179 1631 3255 carissime,
1684 3176 1818 3255 quid
1856 3193 1890 3236 a
1935 3184 1994 3235 te
2036 3171 2275 3237 rescribi
2292 3183 2370 3239 35

296 3267 591 3335 oporteret
619 3261 951 3321 censoribus
987 3260 1447 3337 consulentibus,
1501 3279 1570 3322 an
1605 3303 1620 3319 .
1645 3304 1660 3320 .
1687 3307 1699 3319 .
1727 3307 1740 3319 .
1776 3261 1833 3322 iu
1859 3267 2114 3320 senatum
2142 3255 2278 3317 alia-

293 3358 417 3399 rum
445 3342 747 3419 civitatum,
783 3344 1036 3404 eiusdem
1061 3353 1248 3403 tamen
1273 3347 1597 3422 provinciae
1629 3346 1807 3404 cives.
1862 3341 2002 3403 Nam
2035 3351 2094 3402 et
2127 3340 2280 3417 leg-is

292 3424 597 3485 auctoritas
640 3434 700 3485 et
737 3425 911 3501 longa
952 3428 1304 3488 cousuetudo
1342 3438 1609 3508 usurpata
1644 3438 1838 3489 contra
1877 3426 2070 3504 legem
2107 3426 2166 3485 iu
2195 3425 2279 3484 di-
