2467 3850
329 170 457 235 220
918 170 985 231 C.
1026 160 1217 232 PLINI
1258 169 1357 231 ET
1400 169 1710 231 TRAIANI

330 323 480 402 quod
510 321 663 382 fossa
703 321 957 383 facienda
988 331 1077 384 est
1114 323 1363 383 incidunt
1401 324 1538 391 rivi:
1584 324 1684 401 qui
1717 324 1765 383 si
1807 321 2108 400 diligenter
2144 323 2310 384 colli-

277 416 558 485 4gantur,
603 408 888 483 augebunt
928 406 1069 467 illud
1112 407 1264 485 quod
1294 406 1453 469 lacus
1482 407 1719 469 dederit.
1776 405 2078 467 Enimvero
2107 402 2161 467 si'
2190 406 2312 485 pla-

330 500 457 551 ceat
501 489 709 551 fossam
750 489 973 569 longius
1013 491 1222 552 ducere
1271 501 1329 551 et
1373 493 1542 551 artius
1587 509 1841 569 pressam
1885 493 2020 551 mari
2062 509 2313 569 aequare

327 592 435 634 nec
464 576 519 634 in
548 574 751 634 flumen
791 575 895 636 sed
936 577 991 634 in
1024 578 1208 656 ipsum
1228 593 1379 635 mare
1409 577 1700 652 emittere,
1736 592 2111 653 repercussus
2145 576 2313 635 maris

332 658 574 719 servabit
603 667 661 718 et
688 661 989 739 reprimet,
1033 657 1300 738 quidquid
1330 676 1363 719 e
1394 657 1522 718 lacu
1544 659 1753 721 veniet.
1816 658 2064 732 Quorum
2094 658 2142 719 si
2174 657 2314 718 nihil
2334 670 2372 720 5

331 743 494 803 nobis
526 741 641 803 loci
670 753 859 804 natura
889 751 1233 821 praestaret,
1276 741 1597 820 expeditum
1631 751 1813 803 tamen
1855 752 1974 802 erat
2014 744 2314 802 cataractis

284 839 508 904 5aquae
541 844 762 888 cursum
791 835 1124 906 temperare.
1184 824 1396 886 Verum
1439 833 1497 885 et
1538 824 1681 884 haec
1720 835 1778 885 et
1811 824 1917 885 alia
1946 825 2120 885 multo
2150 843 2314 903 saga·

335 913 455 970 cius
499 912 790 990 conquiret
833 910 1264 988 explorabitque
1302 908 1569 984 librator,
1614 926 1781 985 quem
1822 909 2019 987 plane,
2065 909 2314 986 domine,

334 994 512 1054 debes
553 997 808 1071 mittere,
853 1003 913 1053 ut
958 991 1266 1071 polliceris.
1324 990 1429 1052 Est
1462 993 1612 1051 enim
1639 1010 1732 1053 res
1760 991 1925 1069 digna
1952 1002 2009 1053 et
2037 995 2314 1069 magnitu-

335 1076 461 1137 dine
509 1088 602 1138 tua
642 1087 701 1137 et
742 1095 889 1136 cura.
952 1076 1081 1153 Ego
1125 1077 1347 1135 interim
1387 1073 1689 1153 Calpurnio
1728 1074 1953 1153 Macro,
1999 1074 2313 1137 clarissimo
2335 1093 2406 1144 10

332 1163 489 1239 viro,
534 1170 768 1221 auctore
805 1170 864 1221 te
905 1161 1112 1239 scripsi
1140 1169 1200 1220 ut
1231 1159 1555 1220 libratorem
1587 1176 1750 1237 quam
1781 1161 2016 1219 maxime
2051 1159 2317 1220 idoneum

282 1282 291 1299 .
333 1246 599 1305 mitteret.

1102 1374 1272 1436 an.
1316 1374 1526 1454 [Lxx]

994 1476 1317 1528 munus
1345 1475 1554 1527 ammo
1588 1475 1642 1531 s,
2336 1503 2405 1554 15

456 1574 808 1637 Manifestum
837 1585 946 1655 est,
969 1578 1043 1637 mi
1067 1577 1329 1638 Secunde
1361 1578 1669 1657 carissime,
1699 1597 1808 1638 nec
1829 1576 2177 1657 prudentiam
2205 1596 2315 1637 nec

337 1659 676 1737 diligentiam
716 1661 816 1721 tibi
861 1661 1114 1722 defuisse
1160 1664 1309 1721 circa
1352 1662 1518 1722 istum
1557 1661 1767 1738 lacum,
1830 1679 1955 1721 cum
1997 1670 2108 1721 tam
2144 1660 2317 1720 multa

335 1746 561 1823 provisa
594 1745 835 1823 habeas,
878 1763 984 1824 per
1021 1761 1165 1823 quae
1202 1762 1312 1804 nec
1350 1743 1705 1823 periclitetur
1735 1745 2014 1805 exhauriri
2045 1755 2103 1805 et
2135 1745 2315 1822 magis

334 1832 390 1888 in
420 1847 556 1889 usus
599 1829 761 1887 nobis
802 1830 1019 1889 futurus
1051 1831 1139 1888 sit.
1210 1827 1379 1905 Elige
1413 1829 1585 1906 igitu‘r
1617 1829 1674 1889 id
1705 1827 1856 1908 quod
1882 1831 2189 1908 praecipue
2218 1846 2315 1887 res

336 1915 460 1989 ipsa
491 1915 746 1974 suaserit.
794 1910 1151 1992 Calpurnium
1181 1911 1429 1972 Macrum
1464 1915 1633 1975 credo
1665 1912 1938 1973 facturum
1966 1922 2022 1973 ut
2056 1921 2114 1973 te
2152 1911 2407 1978 libra-20

337 2006 459 2058 tore
486 1998 737 2073 instruat,
770 2016 956 2076 neque
985 1998 1311 2076 provinciae
1340 1998 1483 2056 istae
1510 1996 1599 2057 his
1628 1998 1935 2058 artificibus
1967 2006 2178 2057 carent.

1102 2126 1302 2188 Lxm.
1345 2127 1540 2208 [xm]

771 2225 826 2279 G.
864 2225 1109 2279 PLINIUS
1143 2226 1433 2278 TRAIANO
1468 2227 1877 2278 IMPERATORI.

449 2312 702 2405 'Scripsit
730 2326 860 2385 mihi
878 2373 895 2403 ,
930 2327 1184 2404 domine,
1215 2326 1518 2404 Lycormas
1546 2328 1782 2388 libertus
1809 2338 1970 2405 tuus,
2003 2338 2096 2403 ut,
2127 2331 2178 2388 si
2209 2336 2406 2407 qua25

339 2409 551 2487 legatio
579 2428 611 2469 a
638 2410 898 2487 Bosporo
925 2414 1179 2473 venisset
1208 2413 1407 2473 urbem
1433 2414 1696 2491 petitura,
1727 2415 1989 2490 usquein
2020 2412 2319 2472 adventum

340 2493 500 2554 suum
527 2495 880 2555 retineretur.
939 2494 1013 2555 Et
1045 2495 1258 2573 legatio
1288 2496 1545 2574 quidem,
1577 2495 1854 2556 dumtaxat
1887 2498 1943 2555 in
1972 2514 2095 2556 eam
2126 2497 2319 2558 civita·

338 2588 454 2639 tem
480 2579 538 2637 in
566 2596 674 2657 qua
702 2580 829 2656 ipse
850 2596 1005 2656 sum,
1043 2579 1195 2639 nulla
1232 2579 1414 2640 adhuc
1441 2583 1627 2655 venit,
1670 2580 1773 2640 sed
1805 2581 1961 2640 venit
1989 2578 2320 2640 tabellarius

339 2662 729 2739 Sauromatae,
773 2681 940 2743 quem
983 2680 1098 2740 ego
1116 2708 1134 2740 ,
1180 2682 1319 2725 usus
1349 2666 1765 2742 opportunitate
1795 2681 1957 2742 quam
1983 2662 2116 2722 mihi
2151 2681 2319 2724 casus
2462 2631 2465 2688 l

339 2746 650 2822 obtulerat,
699 2764 824 2807 cum
861 2746 1155 2808 tabellario
1187 2749 1283 2825 qui
1316 2747 1642 2822 Lycormam
1671 2766 1745 2808 ex
1774 2748 1970 2808 itinere
2000 2749 2403 2826 praecessit30
2462 2729 2464 2776 ¹

338 2830 662 2891 mittendum
691 2832 913 2909 putavi,
956 2840 1015 2891 ut
1041 2848 1250 2909 posses
1281 2849 1356 2890 ex
1387 2830 1694 2907 Lycormae
1726 2840 1785 2891 et
1818 2850 1891 2892 ex
1916 2833 2072 2907 regis
2103 2833 2321 2910 epistu-

339 2911 410 2973 lis
441 2916 652 2991 pariter
678 2911 1034 2992 cognoscere
1063 2933 1207 2993 quae
1231 2915 1478 2975 fortasse
1507 2917 1716 2993 pariter
1742 2917 1889 2977 scire
1921 2912 2188 2975 deberes.

1063 3045 1291 3108 ann.
1334 3047 1556 3127 [xlm]

773 3147 825 3197 C.
862 3146 1105 3199 PLINIUS
1140 3150 1427 3200 TRAIANO
1461 3147 1869 3202 IMPERATORI.
2334 3176 2402 3231 35

458 3245 586 3306 Rex
618 3247 971 3311 Sauromates
1006 3252 1239 3329 scripsit
1264 3251 1397 3312 mibi
1434 3271 1567 3313 esse
1598 3251 1869 3331 quaedam
1896 3270 2040 3331 quae
2070 3252 2320 3314 deberes

343 3346 507 3406 quam
532 3333 897 3392 maturissime
931 3335 1100 3394 scire.
1149 3333 1272 3407 Qua
1296 3355 1371 3395 ex
1402 3354 1568 3397 causa
1601 3337 2014 3397 festinationem
2037 3336 2322 3398 tabellarii

344 3429 511 3488 quem
538 3412 609 3472 ad
635 3423 695 3473 te
725 3433 850 3474 cum
878 3416 1137 3493 epistulis
1162 3419 1312 3477 misit
1346 3418 1649 3497 diplomate
1676 3419 1877 3479 adiuvi.
