2467 3850
300 187 380 252 12
1140 184 1204 246 C.
1247 182 1440 246 PLINI

298 343 385 402 cia
416 337 568 415 mihi,
602 356 714 415 non
741 337 883 397 haec
918 341 1122 398 ‘senex
1151 347 1302 415 erat,
1348 337 1593 398 infirmus
1627 342 1768 398 erat’
1801 337 1968 418 (haec
2005 338 2153 398 enim
2173 354 2275 398 no-

294 427 412 504 vi),
441 423 546 484 sed
572 440 718 483 nova
746 421 951 501 aliqua,
982 421 1085 482 sed
1112 439 1332 499 magna,
1362 439 1507 501 quae
1535 421 1802 482 audierim
1831 438 2157 500 numquam,
2189 420 2275 483 le-

295 510 472 585 gerim
493 525 803 586 numquam.
848 505 991 566 Nam
1020 525 1163 584 quae
1195 505 1415 582 audivi,
1447 523 1592 583 quae
1622 505 1774 586 legi,
1804 516 2008 587 sponte
2040 524 2275 568 succur-

293 601 451 669 runt,
486 590 589 652 sed
616 600 769 651 tanto
802 590 999 651 dolore
1027 600 1378 670 superantur.
1440 589 1604 652 Vale.

1209 771 1231 784 .
1319 722 1363 783 1.
1451 674 1531 753 Χ

701 820 754 875 C.
792 819 1039 872 PLINIUS
1076 722 1625 873 SOSlglssENECIONI
1653 819 1771 873 SUO
1808 820 1866 872 S.

253 945 283 996 1
420 927 681 1005 Magnum
709 934 1044 1005 proventum
1069 932 1364 1006 poetarum
1393 945 1568 987 annus
1598 926 1691 986 hic
1711 924 1909 986 attulit.
1956 923 2097 986 Toto
2118 934 2275 986 men·

299 1032 364 1073 se
396 1011 579 1091 Aprili
612 1009 797 1072 nullus
833 1010 955 1070 fere
992 1010 1112 1071 dies
1148 1027 1261 1089 quo
1289 1028 1401 1071 non
1429 1013 1695 1072 recitaret
1729 1009 1949 1089 aliquis.
1993 1008 2150 1070 Iuvat
2180 1028 2274 1072 me

296 1094 446 1175 quod
473 1097 666 1172 vigent
695 1094 897 1170 studia,
926 1094 1217 1174 proferunt
1246 1114 1311 1155 se
1340 1097 1565 1173 ingenia
1586 1094 1865 1155 hominum
1887 1103 1943 1153 et
1966 1103 2271 1172 ostentant,
2291 1108 2374 1160 10·

241 1194 276 1248 2
294 1183 513 1240 tametsi
543 1179 612 1239 ad
640 1178 972 1239 audiendum
1000 1181 1162 1257 pigre
1193 1181 1391 1239 coitur.
1444 1178 1706 1258 Plerique
1736 1180 1792 1238 in
1820 1178 2149 1239 stationibus
2179 1197 2273 1239 se·

293 1263 425 1325 dent
444 1274 784 1342 tempusque
814 1261 1070 1323 audiendi
1098 1263 1301 1323 fabulis
1333 1273 1627 1324 conterunt
1649 1281 1717 1322 ac
1740 1261 1976 1322 subinde
2003 1262 2113 1323 sibi
2134 1280 2278 1322 nun—

291 1350 413 1408 tiari
445 1348 637 1408 iubent
664 1344 732 1406 a'n
759 1349 866 1407 iam
893 1349 1160 1407 recitator
1183 1349 1491 1423 intraverit,
1519 1366 1588 1407 an
1616 1346 1817 1407 dixerit
1842 1345 2274 1427 praefationem,

292 1451 361 1492 an
391 1450 464 1492 ex
490 1448 686 1510 magna
713 1439 875 1510 parte
898 1429 1173 1491 evolverit
1191 1429 1421 1491 librum:
1452 1440 1585 1491 tunc
1610 1430 1851 1508 demum,
1884 1448 1951 1491 ac
1976 1439 2107 1490 tunc
2132 1448 2274 1510 quo·

293 1535 405 1595 que
434 1514 588 1576 lente
620 1524 1061 1592 cunctanterque
1101 1516 1357 1581 veniunt;
1400 1533 1510 1575 nec
1549 1524 1734 1575 tamen
1776 1524 2136 1592 permanent,
2167 1514 2272 1575 sed
2288 1525 2352 1578 15

291 1609 420 1661 ante
451 1600 615 1659 finem
652 1597 959 1675 recedunt,
989 1597 1082 1658 alii
1116 1597 1527 1658 dissimulanter
1554 1606 1612 1658 et
1640 1598 1847 1675 furtim,
1880 1597 1973 1660 alii
2002 1597 2270 1677 simplici·

245 1692 379 1746 3ter
408 1693 468 1744 et
494 1683 692 1743 libere.
737 1682 828 1742 Ad
857 1680 1106 1742 Hercule
1133 1684 1400 1743 memoria
1427 1692 1718 1761 parentum
1749 1680 2035 1742 Claudium
2061 1680 2270 1742 Caesa·

291 1787 409 1828 rem
441 1767 658 1845 ferunt,
703 1785 830 1827 cum
858 1768 914 1826 in
943 1765 1149 1845 palatio
1184 1769 1521 1845 spatiaretur
1546 1767 1909 1845 audissetque
1942 1765 2268 1844 clamorem,

292 1869 516 1912 causam
554 1852 899 1932 requisisse,
945 1869 1184 1931 cumque
1229 1851 1437 1912 dictum
1471 1861 1629 1912 esset
1658 1852 1900 1910 recitare
1933 1849 2267 1928 Nonianum,

245 1937 531 1997 ⁴§subitum
572 1938 829 1997 recitanti
870 1938 1321 2016 inopinatumque
1371 1938 1617 1996 venisse.
1689 1934 1852 1995 Nunc
1897 1937 2355 2007 otiosissimus20

290 2023 530 2101 quisque
558 2019 733 2080 multo
763 2031 890 2081 ante
919 2030 1149 2097 rogatus
1178 2029 1234 2079 et
1258 2018 1560 2080 identidem
1587 2018 1896 2080 admonitus
1917 2028 2010 2079 aut
2037 2037 2148 2079 non
2170 2038 2270 2079 ve·

289 2107 369 2164 nit
401 2114 515 2182 aut,
549 2108 598 2165 si
627 2107 803 2181 venit,
831 2106 1081 2183 queritur
1110 2122 1175 2162 se
1211 2102 1379 2179 diem,
1416 2104 1543 2180 quia
1574 2120 1685 2163 non
1712 2103 2050 2183 perdiderit,
2080 2103 2271 2183 perdi·

244 2188 460 2248 5disse.
500 2187 614 2247 Sed
642 2197 795 2248 tanto
823 2189 999 2264 magis
1029 2184 1285 2245 laudandi
1322 2185 1707 2264 probandique
1739 2196 1867 2248 sunt
1893 2204 2036 2266 quos
2065 2206 2097 2247 a
2127 2188 2271 2248 scri·

289 2271 456 2331 bendi
485 2272 869 2350 recitandique
894 2269 1079 2331 studio
1100 2270 1243 2329 haec
1271 2269 1578 2329 auditorum
1598 2269 1693 2331 vel
1718 2271 1929 2332 desidia
1951 2271 2046 2332 vel
2070 2289 2270 2350 super·

2296 683 2328 735 5

288 2355 380 2415 bia
400 2373 512 2415 non
541 2355 801 2415 retardat.
841 2353 1119 2433 Equidem
1147 2370 1328 2431 prope
1356 2356 1558 2414 nemini
1583 2355 1752 2415 defui.
1792 2354 1965 2415 Erant
1986 2373 2120 2416 sane
2145 2354 2355 2434 ple-25
2453 2433 2454 2440 ἵ

288 2442 449 2520 rique
473 2441 665 2499 amici:
709 2457 896 2517 neque
926 2438 1072 2497 enim
1104 2446 1193 2497 est
1224 2436 1346 2497 fere
1378 2440 1666 2517 quisquam
1695 2441 1788 2518 qui
1821 2438 2034 2516 studia,
2068 2449 2128 2499 ut
2154 2458 2270 2500 non

245 2522 455 2584 6simul
485 2533 543 2583 et
583 2540 688 2583 nos
722 2530 886 2582 amet.
943 2520 1043 2580 His
1085 2539 1160 2581 ex
1189 2523 1373 2582 causis
1401 2522 1625 2601 longius
1661 2541 1823 2601 quam
1858 2523 2272 2585 destinaveram

287 2616 511 2687 tempus
538 2609 594 2666 in
626 2607 768 2667 urbe
801 2606 1142 2683 consumpsi.
1197 2605 1431 2666 Possum
1456 2609 1561 2667 iam
1584 2617 1852 2686 repetere
1881 2626 2178 2668 secessum
2210 2617 2271 2668 et
2334 2641 2341 2649 ·

289 2693 543 2752 scribere
574 2690 782 2770 aliquid
811 2690 961 2769 quod
988 2706 1101 2749 non
1126 2691 1392 2769 recitem,
1422 2710 1495 2752 ne
1527 2690 1751 2769 videar,
1798 2710 2033 2771 quorum
2063 2693 2301 2752 recita-·

289 2776 533 2835 tionibus
564 2775 749 2852 adfui,
786 2791 901 2834 non
928 2773 1146 2833 auditor
1169 2773 1347 2835 fuisse
1377 2776 1480 2836 sed
1516 2775 1778 2836 creditor.
1820 2775 1960 2836 Nam
1993 2777 2135 2836 utin
2169 2788 2358 2844 ce·30

286 2861 425 3001 {erlis
455 2860 626 2920 rebus
665 2862 740 2919 ita
775 2861 831 2918 in
869 2857 1124 2919 audiendi
1158 2858 1350 2919 officio
1383 2862 1531 2938 perit
1571 2862 1781 2938 gratia,
1823 2862 1871 2921 si
1909 2869 2265 2940 reposcatur.

337 2960 369 3001 a
394 2961 444 3003 e.

710 3173 763 3228 e.
801 3174 1050 3227 Primus
1084 3076 1578 3227 msffglnmco
1616 3173 1735 3227 suo
1774 3172 1827 3229 s,
2279 3204 2354 3260 35

239 3284 271 3337 1
410 3275 560 3335 Petis
591 3286 651 3336 ut
675 3278 860 3338 fratris
889 3279 968 3337 tui
1010 3277 1156 3338 filiae
1188 3278 1531 3355 prospiciam
1567 3278 1845 3347 maritum;
1880 3277 2032 3356 quod
2062 3278 2265 3338 merito

282 3356 412 3417 mihi
452 3362 802 3437 potissimum
834 3364 1096 3439 iniungis.
1165 3361 1293 3421 Scis
1330 3362 1475 3419 enim
1518 3372 1722 3438 quanto
1768 3379 1946 3439 opere
1990 3379 2264 3422 summum

282 3440 435 3501 illum
473 3446 647 3505 virum
676 3447 1034 3525 suspexerim
1064 3444 1504 3523 dilexerimque,
1552 3446 1753 3523 quibus
1787 3443 1886 3506 ille
1925 3443 2262 3508 adulescen-
