2467 3850
657 143 1177 206 PANEGYRICUS
1223 157 1309 207 15.
1336 155 1417 208 16.
1444 154 1529 209 17.
1557 153 1640 208 18.
1667 153 1753 208 19.
2065 144 2190 207 249

208 299 453 359 hostium
497 296 771 376 obsequia
813 306 876 357 ut
919 298 1227 359 vincendus
1268 315 1434 358 nemo
1475 297 1661 356 fuerit.
1739 294 2031 357 Pulchrius
2077 295 2189 356 hoc

210 383 468 443 omnibus
509 382 819 459 triumphis·
892 380 1091 460 Neque
1133 385 1283 442 enim
1322 398 1582 459 umquam
1618 382 1725 440 nisi
1765 398 1838 439 ex
1866 388 2191 457 contemptu

211 467 430 544 imperii
462 467 639 524 nostri
668 465 875 525 factum
908 472 998 540 est
1036 473 1096 524 ut
1123 467 1498 525 vinceremus.
1570 462 1735 538 Quod
1763 465 1811 523 si
1839 465 1962 541 quis
1990 463 2188 523 barba·

208 568 306 610 rus
335 566 440 608 rex
466 564 540 608 eo
575 547 907 608 insolentiae
946 547 1264 626 furorisque
1306 549 1653 627 processerit
1685 557 1743 607 ut
1771 549 1904 607 iram
1932 556 2080 606 tuam
2106 549 2188 606 in·

156 641 193 692 5
213 632 703 710 dignationemque
752 640 1064 709 mereatur,
1113 649 1187 691 ne
1227 632 1361 709 ille,
1409 635 1532 692 sive
1583 630 1858 690 interfuso
1898 633 2034 690 mari
2085 647 2189 692 seu

211 717 528 775 fluminibus
569 715 835 775 inmensis
881 733 984 774 seu
1027 717 1325 794 praecipiti
1375 724 1564 774 monte
1609 714 1955 792 defenditur,
2007 716 2189 776 omnia

212 799 359 859 haec
386 808 496 859 tam
528 816 704 876 prona
722 808 945 876 tamque
975 798 1232 859 cedentia
1261 799 1555 858 virtutibus
1587 800 1698 858 tuis
1730 801 1934 859 sentiet
1965 808 2025 858 ut
2056 798 2187 860 sub·-

210 883 415 944 sidisse
450 891 702 960 montes,
747 882 968 941 flumina
996 885 1287 943 exaruisse
1303 883 1726 961 ,interceptum
1752 899 1936 958 mare,
1966 881 2188 942 inlatas·

211 985 324 1045 que
367 966 474 1027 sibi
518 982 630 1025 non
671 965 887 1026 classes
923 976 1143 1027 nostras
1178 965 1282 1027 sed
1315 976 1493 1026 terras
1526 968 1678 1044 ipsas
1711 966 2023 1026 arbitretur.
2087 963 2184 1023 Vi·
2208 960 2287 1027 17

123 1065 194 1116 10
210 1050 351 1110 deor
390 1052 497 1109 iam
538 1068 770 1109 cernere
809 1068 922 1110 non
958 1049 1157 1148 spoliis
1196 1051 1605 1128 provinciarum
1646 1058 1705 1108 et
1742 1058 1964 1110 extorto
2013 1051 2186 1108 sociis

210 1151 347 1193 auro
388 1133 492 1194 sed
530 1133 829 1193 hostilibus
869 1136 1033 1193 armis
1076 1142 1477 1212 captorumque
1516 1151 1715 1210 regum
1757 1134 1969 1192 catenis
1999 1135 2184 1192 trium-

209 1217 382 1296 phum
410 1235 664 1295 gravem:
705 1217 904 1277 videor
933 1219 1176 1296 ingentia
1204 1218 1406 1277 ducum
1427 1218 1645 1277 nomina
1664 1235 1774 1276 nec
1801 1217 2064 1277 indecora
2084 1234 2187 1276 no·

208 1301 449 1361 minibus
479 1318 718 1378 corpora
745 1303 1059 1361 noscitare:
1088 1302 1289 1361 videor
1317 1303 1516 1361 intueri
1546 1302 1852 1362 inmanibus
1882 1302 2032 1361 ausis
2062 1300 2185 1360 bar-

213 1386 471 1445 barorum
512 1394 709 1446 onusta
750 1384 965 1444 fercula
1007 1394 1064 1444 et
1092 1402 1191 1444 sua
1222 1402 1500 1464 quemque
1529 1384 1680 1444 facta
1708 1386 1908 1444 vinctis
1935 1386 2184 1444 manibus

125 1474 194 1525 15
214 1478 575 1547 sequentem:
608 1486 739 1528 mox
765 1469 947 1547 ipsum
974 1477 1032 1527 te
1062 1467 1355 1527 sublimem
1385 1472 1790 1547 instantemque
1821 1486 1984 1528 curru
2016 1468 2186 1527 domi-

212 1563 388 1613 tarum
430 1555 677 1629 gentium
718 1560 919 1628 tergo,
971 1560 1100 1610 ante
1142 1570 1362 1610 currum
1401 1561 1584 1611 autem
1626 1552 1846 1630 clipeos
1889 1569 2032 1629 quos
2061 1553 2186 1631 ipse

214 1636 551 1714 perfoderis.
612 1634 737 1694 Nec
767 1636 868 1694 tibi
898 1636 1082 1712 opima
1112 1635 1422 1711 defuerint,
1455 1637 1502 1693 si
1533 1635 1656 1712 quis
1685 1649 1882 1711 regum
1910 1638 2102 1695 venire
2131 1637 2187 1694 in

210 1738 404 1779 manus
442 1719 673 1796 audeat,
724 1736 835 1778 nec
868 1737 993 1778 mm
1032 1716 1199 1777 modo
1237 1717 1480 1777 telorum
1508 1727 1726 1777 tuorum
1765 1717 1869 1776 sed
1899 1718 2187 1779 oculorum

214 1806 381 1863 etiam
408 1806 785 1879 minarumque
818 1803 1133 1861 coniectum
1161 1811 1284 1861 toto
1307 1813 1514 1879 ‘campo
1545 1810 1777 1879 totoque
1808 1804 2061 1862 exercitu
2084 1818 2185 1880 op-

123 1894 196 1948 20
214 1889 402 1966 posito
434 1886 847 1965 perhorrescat.
920 1883 1173 1946 Meruisti
1203 1887 1453 1965 proxima
1480 1885 1861 1945 moderatione
1891 1895 1982 1961 ut,
2015 1902 2185 1962 quan·

211 1973 528 2048 (locumque
557 1979 615 2030 te
645 1969 740 2029 vel
768 1968 977 2029 inferre
1006 1970 1100 2029 vel
1130 1969 1464 2048 propulsare
1493 1967 1704 2029 bellum
1735 1971 1991 2045 coegerit
2011 1971 2185 2046 impe-

209 2056 279 2113 rii
311 2052 578 2130 dignitas,
620 2071 732 2113 non
761 2052 891 2113 ideo
911 2056 1130 2114 ¹vicisse
1158 2054 1400 2114 videaris
1427 2062 1486 2112 ut
1512 2052 1914 2131 triumphares,
1959 2053 2062 2113 sed
2092 2053 2185 2110 tri·

211 2138 478 2215 umphare
510 2139 637 2215 quia
663 2140 886 2199 viceris.
953 2136 1119 2197 Aliud
1148 2155 1222 2197 ex
1252 2137 1363 2197 alio
1384 2134 1516 2196 mihi
1546 2139 1810 2196 occurrit.
1845 2136 2020 2210 Quam
2048 2155 2180 2215 spe·
2205 2143 2284 2207 18

216 2225 433 2282 ciosum
474 2232 562 2282 est
610 2224 755 2282 enim
797 2220 948 2300 quod
992 2222 1344 2299 disciplinam
1387 2230 1697 2282 castrorum
1738 2219 1951 2299 lapsam
2001 2223 2177 2281 extin-

126 2321 197 2373 25
218 2315 471 2383 ctamque
501 2306 757 2367 refovisti
788 2305 1029 2385 depulso
1060 2307 1264 2384 prioris
1289 2305 1502 2365 saeculi
1528 2304 1707 2382 malo,
1739 2306 1933 2365 inertia
1962 2314 2020 2365 et
2049 2322 2183 2365 con-

216 2392 451 2449 tumacia
480 2399 537 2449 et
567 2390 963 2468 dedignatione
992 2388 1267 2470 parendi?
1315 2389 1515 2450 Tutum
1546 2399 1633 2449 est
1660 2391 2068 2466 reverentiam,
2100 2399 2185 2449 tu-

212 2482 328 2532 tum
368 2476 650 2533 caritatem
688 2477 924 2551 mereri,
968 2492 1078 2534 nec
1117 2475 1319 2535 ducum
1361 2477 1650 2553 quisquam
1690 2483 1784 2532 aut
1821 2491 1932 2533 non
1958 2475 2126 2533 amari
2152 2492 2186 2533 a

212 2555 475 2616 militibus
517 2566 609 2616 aut
649 2560 816 2616 amari
856 2561 1040 2626 timet:
1087 2567 1146 2617 et
1183 2558 1313 2617 inde
1345 2559 1595 2618 offensae
1624 2560 1832 2636 pariter
1858 2559 2184 2634 gratiaeque

215 2642 436 2717 securi,
478 2643 681 2699 instant
711 2641 1009 2718 operibus,
1055 2640 1254 2701 adsunt
1285 2642 1811 2716 exercitationibus,
1855 2657 2003 2698 arma
2030 2657 2184 2712 moe-

130 2726 302 2786 30nia
320 2725 473 2783 viros
495 2732 698 2801 aptant.
744 2723 970 2800 Quippe
997 2741 1109 2782 non
1134 2728 1183 2784 is
1206 2724 1473 2801 princeps
1499 2726 1592 2802 qui
1615 2724 1722 2783 sibi
1744 2725 2011 2781 inminere
2027 2766 2046 2798 ,
2077 2722 2185 2780 sibi

212 2805 424 2866 intendi
451 2815 609 2883 putet
640 2805 791 2883 quod
816 2807 872 2864 in
900 2805 1096 2865 hostes
1125 2814 1378 2883 paretur:
1418 2825 1561 2884 quae
1596 2807 1888 2884 persuasio
1930 2804 2032 2864 fuit
2059 2803 2186 2864 illo-

211 2907 335 2950 rum
364 2891 490 2966 qui,
522 2889 744 2949 hostilia
775 2906 902 2949 cum
929 2889 1212 2965 facerent,
1246 2890 1530 2949 timebant.
1576 2889 1752 2949 Iidem
1782 2906 1922 2966 ergo
1951 2898 2183 2967 torpere

212 2975 464 3035 militaria
504 2973 683 3033 studia
719 2991 829 3032 nec
868 2975 1079 3033 animos
1119 2972 1285 3032 modo
1318 2973 1422 3032 sed
1449 2982 1508 3033 et
1537 2989 1776 3052 corpora
1803 2975 1924 3052 ipsa
1953 2972 2181 3050 langue-

216 3077 416 3136 scere,
468 3046 686 3134 gladios
727 3059 892 3117 etiam
931 3059 1142 3117 incuria
1182 3056 1436 3117 hebetari
1475 3057 1807 3135 retundique
1849 3055 2180 3134 gaudebant.

129 3155 198 3208 35
214 3142 406 3202 Duces
450 3159 621 3221 porro
662 3143 873 3219 nostri,
914 3158 1027 3201 non
1056 3151 1167 3200 tam
1193 3158 1393 3218 regum
1422 3151 1738 3202 exterorum
1766 3159 1929 3221 quam
1958 3158 2182 3201 suorum

215 3228 525 3304 principum
563 3225 823 3304 insidias,
865 3244 974 3286 nec
1012 3235 1121 3285 tam
1150 3225 1391 3286 hostium
1420 3243 1581 3303 quam
1613 3226 2038 3286 commilitonum
2067 3243 2179 3284 ma-

212 3328 320 3369 nus
358 3311 675 3390 ferrumque
705 3311 1037 3371 metuebant.
1124 3308 1231 3371 Est
1267 3309 1410 3369 haec
1450 3320 1640 3370 natura
1669 3311 1941 3372 sideribus
1972 3318 2031 3368 ut
2050 3326 2174 3386 par·
2202 3309 2278 3372 19

213 3410 286 3451 va
313 3404 370 3454 et
402 3394 566 3455 exilia
607 3394 933 3455 validiorum
973 3404 1201 3456 exortus
1242 3396 1539 3456 obscuret:
1588 3395 1844 3456 similiter
1881 3396 2179 3471 imperato-
