2467 3850
582 185 1103 249 EPISTULARUM
1127 199 1175 251 1.
1206 190 1261 251 2.
1283 198 1335 251 3.
1362 189 1469 266 [20.
1492 191 1602 266 an]
1633 198 1683 251 4.
1709 191 1805 268 [3.]
2058 189 2179 254 199

200 337 612 418 praefecturam
640 340 837 400 aerarii
871 338 1127 417 Saturni,
1165 342 1421 401 omnibus
1445 339 1934 419 advocationibus,
1976 343 2178 419 quibus

199 423 409 500 alioqui
437 441 732 501 numquam
761 441 912 482 eram
942 427 1263 501 promiscue
1292 425 1552 502 functus,
1595 427 1937 502 renuntiavi,
1967 433 2027 485 ut
2055 435 2177 487 toto

199 508 382 567 animo
412 505 676 584 delegato
708 506 840 567 mihi
871 506 1061 567 officio
1088 525 1366 568 vacarem.
1433 507 1555 582 Qua
1586 527 1661 568 ex
1691 526 1890 584 causa,
1926 527 2051 568 cum
2081 519 2229 589 pa·2

198 600 423 652 tronum
449 607 538 650 me
570 590 948 668 provinciales
978 598 1270 669 optassent
1311 601 1501 652 contra
1529 590 1761 652 Marium
1788 592 2068 668 Priscum,
2122 605 2181 654 et

153 676 343 754 5petii
369 675 588 733 veniam
608 675 772 735 huius
795 676 1041 735 muneris
1058 685 1129 735 -et
1158 677 1462 753 inpetravi„
1510 675 1626 736 Sed
1659 694 1785 735 cum
1810 684 2014 755 postea
2046 694 2179 737 con-

200 757 291 820 sul
343 757 668 834 designatus
722 760 1039 818 censuisset
1077 759 1355 836 agendum
1394 760 1720 835 nobiscum,
1774 777 2007 838 quorum
2061 769 2181 820 erat

202 843 492 902 excusatio
521 850 775 921 recepta,
808 851 867 901 ut
896 860 1151 902 essemus
1182 843 1239 901 in
1269 852 1494 903 senatus
1524 851 1806 922 potestate
1836 852 2178 922 pateremur·

202 945 316 1005 que
355 926 573 985 nomina
612 936 802 986 nostra
841 928 897 985 in
936 944 1126 985 urnam
1168 928 1383 1004 conici,
1432 928 2017 987 convenientissimum
2044 946 2177 988 esse

202 1007 584 1089 tranquillitati
626 1008 840 1069 saeculi
876 1012 954 1070 tui
993 1011 1185 1089 putavi
1222 1012 1554 1089 praesertim
1583 1021 1694 1072 tam
1723 1008 2041 1071 moderatae
2077 1030 2178 1070 vo-

115 1094 188 1148 10
203 1093 400 1155 luntati
440 1092 763 1171 amplissimi
804 1094 1011 1154 ordinis
1052 1112 1165 1153 non
1202 1112 1539 1173 repugnare.
1605 1092 1707 1154 Cui
1742 1094 2018 1172 obsequio
2048 1107 2225 1161 meos

202 1187 341 1257 opto
376 1185 438 1237 ut
464 1178 749 1239 existimes
781 1187 1039 1237 constare
1075 1179 1349 1237 rationem
1367 1224 1385 1256 ,
1427 1196 1554 1237 cum
1595 1180 1778 1238 omnia
1817 1177 1964 1239 facta
2002 1178 2175 1239 dicta·

203 1280 316 1341 que
344 1279 467 1322 mea
495 1261 739 1340 probare
769 1262 1135 1325 sanctissimis
1166 1262 1416 1323 moribus
1445 1264 1557 1323 tuis
1587 1264 1824 1342 cupiam.

1116 1394 1271 1455 XXI.

120 1519 187 1572 15
867 1395 1190 1544 TRAIANIUS
1224 1396 1436 1577 P1121N10d
1468 1493 1520 1548 S.

326 1590 401 1652 Et
433 1594 571 1653 civis
602 1602 660 1653 et
700 1596 976 1655 senatoris
1011 1594 1142 1654 boni
1184 1595 1435 1672 partibus
1478 1594 1703 1656 functus
1733 1614 1798 1655 es
1843 1597 2178 1675 obsequium

204 1676 530 1755 amplissimi
554 1677 784 1754 ordinis,
816 1675 967 1755 quod
989 1678 1293 1737 iustissime
1316 1678 1598 1754 exigebat,
1625 1680 1975 1756 praestando.
2023 1680 2177 1754 Quas

205 1771 397 1840 partes
426 1759 760 1840 inpleturum
790 1770 850 1820 te
875 1761 1184 1821 secundum
1212 1770 1539 1839 susceptam
1570 1761 1736 1822 fidem
1761 1762 1999 1823 conlido.

1043 1892 1169 1954 1111.
1215 1892 1363 1973 [111]
1635 1961 1636 1964 ¹

593 2021 596 2025 Δ
646 1993 701 2052 G,
740 1992 987 2045 PLINIUS
1017 1993 1301 2043 TRAIANO
1336 1992 1749 2045 IMPERATORI.

329 2093 678 2172 Indulgentia
704 2103 827 2173 tua,
856 2096 1158 2173 imperator
1185 2099 1395 2175 optime
1411 2139 1430 2172 ,
1474 2112 1636 2173 quam
1674 2093 2054 2173 plenissimam
2083 2111 2181 2153 ex·
2206 2109 2233 2160 1

207 2179 434 2257 perior,
476 2178 727 2239 hortatur
749 2197 841 2239 me
869 2181 935 2240 ut
960 2179 1192 2248 audeam
1228 2181 1329 2240 tibi
1360 2180 1522 2239 etiam
1551 2193 1655 2257 pro
1688 2179 1881 2239 amicis
1911 2175 2182 2254 obligari;

207 2264 354 2321 inter
381 2280 524 2340 quos
552 2264 657 2323 sibi
685 2263 780 2323 vel
811 2266 1173 2343 praecipuum
1199 2264 1387 2324 locum
1412 2262 1655 2323 vindicat
1677 2261 1962 2322 Voconius
1981 2260 2182 2321 Roma·

123 2352 194 2405 25
207 2364 347 2420 nus,
390 2347 460 2405 ab
503 2348 729 2408 incunte
770 2358 953 2408 aetate
997 2347 1418 2426 condiscipulus
1462 2356 1519 2407 et
1550 2346 1965 2409 contubernalis
2001 2363 2179 2406 meus.

182 2487 185 2488 ⁷
211 2428 431 2501 Quibus
461 2449 533 2490 ex
562 2434 747 2492 causis
778 2442 836 2498 et
863 2451 896 2492 a
923 2432 1055 2504 divo
1091 2442 1252 2512 patre
1282 2442 1381 2493 tuo
1411 2433 1683 2510 petieram
1712 2441 1771 2491 ut
1800 2429 1957 2491 illum
1987 2432 2043 2489 in
2072 2447 2182 2488 am·
2201 2442 2235 2494 2

208 2511 519 2591 plissimum
546 2514 795 2575 ordinem
822 2526 1203 2593 promoveret.
1249 2516 1364 2576 Sed
1390 2515 1503 2576 hoc
1529 2525 1719 2577 votum
1746 2533 1929 2575 meum
1951 2514 2182 2574 bonitati

206 2605 343 2656 tuae
375 2608 722 2658 reservatum
756 2608 865 2675 est,
900 2602 1028 2677 quia
1054 2609 1231 2662 mater
1260 2599 1495 2659 Romani
1516 2599 1903 2659 liberalitatem
1938 2597 2184 2657 sestertii

210 2680 665 2757 quadringenties
682 2726 700 2757 ,
754 2682 908 2759 quod
958 2682 1220 2743 conferre
1273 2702 1338 2743 se
1380 2681 1493 2742 filio
1536 2681 1814 2742 codicillis
1858 2680 1925 2739 ad
1949 2688 2186 2756 ,patrem

124 2773 363 2835 30tuum
393 2765 622 2841 scriptis
654 2765 916 2841 professa
947 2764 1159 2841 fuerat,
1201 2763 1444 2826 nondum
1483 2767 1617 2824 satis
1655 2764 1905 2839 legitime
1939 2779 2182 2839 perege-

208 2856 326 2915 rat;
359 2846 509 2923 quod
536 2855 734 2925 postea
761 2846 899 2907 fecit
927 2848 1202 2909 admonita
1232 2866 1267 2907 a
1292 2848 1477 2907 nobis.
1514 2846 1654 2906 Nam
1682 2856 1739 2904 et
1766 2846 1968 2905 fundos
1998 2862 2179 2904 eman·
2199 2856 2233 2907 3

212 2931 422 3008 cipavit
451 2938 510 2988 et
551 2940 742 2989 cetera
785 2948 927 3007 quae
957 2933 1010 2989 in
1054 2933 1496 3009 emancipatione
1526 2929 1789 3008 inplenda
1816 2926 2002 2988 solent
2032 2929 2184 3006 exigi

212 3016 631 3075 consummavit.
672 3010 811 3072 Cum
835 3015 906 3073 sit
936 3032 1076 3090 ergo
1106 3015 1313 3073 finitum
1340 3014 1491 3092 quod
1517 3032 1653 3091 spes
1682 3021 1902 3072 nostras
1932 3012 2181 3074 moraba-
2199 3024 2234 3077 4

211 3106 333 3174 tur,
375 3115 486 3156 non
517 3099 637 3158 sine
669 3114 862 3174 magna
895 3096 1095 3158 fiducia
1121 3098 1393 3174 subsigno
1424 3098 1568 3175 apud
1596 3106 1656 3156 te
1692 3095 1855 3156 fidem
1881 3114 1986 3173 pro
2015 3099 2181 3158 mori-

129 3181 318 3245 35bus
356 3180 590 3241 Romani
630 3182 774 3256 mei,
820 3198 963 3259 quos
1006 3190 1064 3241 et
1097 3180 1353 3241 liberalia
1395 3180 1575 3242 studia
1604 3190 1872 3240 exornant
1900 3190 1958 3240 et
1988 3182 2186 3240 eximia

214 3266 426 3342 pictas,
481 3283 589 3344 qua
626 3265 770 3325 hanc
811 3267 990 3344 ipsam
1030 3266 1218 3325 matris
1257 3264 1644 3324 liberalitatem
1685 3273 1742 3324 et
1783 3266 1966 3324 statim
2010 3266 2182 3342 patris

213 3348 580 3409 hereditatem
609 3359 664 3409 et
693 3349 1051 3428 adoptionem
1079 3367 1112 3408 a
1137 3350 1338 3409 vitrico
1372 3351 1586 3408 meruit.
1630 3348 1818 3425 Auget
1843 3348 1983 3408 haec
2013 3357 2069 3407 et
2088 3365 2181 3405 na·
2198 3357 2229 3407 5

213 3431 405 3493 talium
434 3443 493 3494 et¹
512 3442 860 3514 paternarum
879 3433 1200 3495 facultatum
1220 3431 1513 3513 splendor;
1544 3435 1748 3513 quibus
1777 3432 2017 3511 singulis
2043 3428 2180 3489 mul-

120 1943 193 1996 20
