2467 3850
303 150 431 217 234
901 149 1691 216 crmmn'rrumm
1854 236 1873 258 .
2060 135 2065 140 '

303 322 532 366 suorum
555 302 689 364 mihi
722 303 977 382 reliquit;
1022 322 1096 365 ex
1128 304 1329 383 quibus
1352 321 1497 382 rogo
1526 305 1702 366 tribus
1729 305 1949 365 interim
1978 306 2064 367 ius
2099 304 2284 381 Quiri·

301 390 439 449 tium
466 387 588 449 des.
647 386 867 450 Vereor
895 389 1044 448 enim
1079 406 1153 447 ne
1191 389 1266 449 sit
1294 389 1628 449 inmodicum
1661 406 1765 468 pro
1795 390 2049 451 omnibus
2072 395 2284 469 pariter
2460 401 2463 536 4

300 474 567 533 invocare
605 470 1004 549 indulgentiam
1042 480 1224 550 tuam,
1282 490 1391 551 qua
1433 472 1619 534 debeo
1661 480 1812 533 tanto
1851 473 2158 535 modestius
2200 478 2285 538 uti

302 564 508 634 quanto
540 553 854 634 pleniorem
894 573 968 615 ex
1009 558 1175 615 erior.
1246 555 1385 615 Sunt
1428 565 1611 615 autem
1652 573 1757 635 pro
1801 557 2004 634 quibus
2045 567 2182 636 peto
2213 556 2280 619 G.

300 638 558 701 Valerius
598 639 908 716 Astraeus,
993 684 1006 698 .
1047 637 1309 701 Valerius
1347 638 1685 716 Dionysius,
1717 637 1784 701 C.
1811 638 2068 704 Valerius
2102 644 2284 720 Aper.
2304 651 2335 700 5

1116 771 1233 832 cv.
1270 770 1467 870 [cvr]

961 873 1284 926 TRAIANUS
1318 871 1524 923 PLINIO
1559 871 1612 922 S.

424 974 566 1037 Cum
602 977 1001 1039 honestissime
1030 979 1099 1039 iis
1134 976 1228 1055 qui
1264 976 1412 1055 apud
1446 974 1613 1036 iidem
1638 984 1790 1035 tuam
1821 992 1855 1034 a
1885 972 2112 1035 Valerio
2140 974 2281 1037 Pau-

299 1059 417 1121 lino
451 1060 698 1139 depositi
732 1071 858 1123 sunt
889 1061 1205 1123 consultum
1232 1059 1378 1120 velis
1414 1069 1625 1119 mature
1657 1076 1763 1137 per
1790 1075 1914 1135 me,
1955 1059 2027 1120 iis
2060 1061 2280 1120 interim
2298 1074 2363 1126 lo

299 1144 500 1222 quibus
521 1162 669 1205 nunc
691 1146 884 1223 petisti
910 1144 1136 1206 dedisse
1157 1162 1248 1203 me
1269 1144 1356 1203 ius
1381 1142 1673 1216 Quiritium
1692 1141 1894 1202 referri
1917 1144 1971 1201 in
1996 1159 2279 1204 commen-

297 1229 469 1289 tarios
500 1246 660 1290 meos
689 1229 850 1308 iussi,
879 1228 1027 1290 idem
1055 1229 1303 1289 facturus
1331 1230 1389 1286 in
1418 1229 1628 1287 ceteris
1662 1244 1766 1306 pro
1797 1226 1999 1305 quibus
2021 1230 2278 1305 petieris.

1086 1360 1232 1423 cvl.
1275 1359 1496 1440 [cvii]

734 1458 788 1512 C.
816 1459 1066 1512 PLINIUS
1102 1459 1388 1511 TRAIANO
1421 1460 1830 1511 IMPERATORI.
2296 1490 2360 1542 15

424 1561 708 1640 Rogatus,
748 1564 1003 1641 domine,
1047 1582 1080 1624 a
1117 1562 1176 1623 P.
1208 1563 1361 1623 Attio
1390 1562 1623 1642 Aquila,
1668 1566 1994 1627 centurione
2025 1566 2279 1630 cohortis

295 1655 494 1706 sextae
525 1650 830 1724 equestris,
864 1658 924 1708 ut
951 1650 1227 1708 mitterem
1254 1647 1355 1707 tibi
1380 1645 1633 1707 libellum
1662 1666 1767 1727 per
1795 1667 1962 1727 quem
1982 1651 2277 1729 indulgen-

297 1732 430 1790 tiam
452 1747 556 1808 pro
588 1740 732 1793 statu
756 1731 905 1792 filiae
934 1749 1069 1792 suae
1093 1730 1336 1808 inplorat
1355 1776 1372 1808 ,
1419 1730 1614 1790 durum
1639 1736 1830 1810 putavi
1858 1752 2068 1812 negare
2085 1780 2104 1812 ,
2148 1754 2278 1796 cum

296 1814 503 1874 scirem
545 1825 801 1893 quantam
836 1814 1059 1878 soleres
1092 1815 1326 1876 militum
1369 1815 1639 1895 precibus
1677 1818 1997 1895 patientiam
2028 1817 2276 1880 humani·
2462 1891 2463 1896 ἵ

297 1905 580 1978 tatemque
608 1908 919 1981 praestare.
2291 1917 2360 1973 20
2462 1954 2463 1999 3

1037 2015 1205 2079 cvn.
1255 2014 1476 2094 [cvm.
1480 2019 1502 2094 J

956 2117 1280 2169 TRAIANUS
1308 2118 1517 2170 PLlNlO
1550 2118 1607 2172 S.

416 2213 687 2276 Libellum
708 2217 769 2278 P.
792 2219 929 2279 Attii
954 2218 1215 2299 Aquilae,
1243 2223 1583 2284 centurionis
1608 2225 1857 2287 cohortis
1880 2237 2074 2289 sextae
2097 2248 2274 2309 eque·

297 2299 451 2375 stris,
484 2317 650 2377 quem
677 2302 807 2362 mihi
835 2304 1055 2382 misisti,
1090 2300 1236 2382 legi?
1269 2308 1428 2366 cuius
1459 2309 1725 2384 precibus
1757 2322 1940 2374 motus
1971 2310 2098 2373 dedi
2122 2314 2356 2377 filiae25
2462 2364 2463 2367 η

294 2383 416 2442 eius
448 2384 726 2443 civitatem
767 2385 1083 2449 Romanam.
1146 2387 1423 2449 Libellum
1463 2394 1727 2472 rescripti
1769 2413 1936 2474 quem
1963 2395 2043 2455 illi
2070 2398 2274 2460 redde-

292 2481 388 2526 res
419 2468 542 2526 misi
571 2467 687 2530 tibi.

1022 2552 1217 2635 cvm.
1268 2555 1538 2639 [CVIIII.]

731 2649 784 2702 C.
820 2651 1063 2703 PLINIUS
1098 2654 1380 2707 TRAIANO
1418 2659 1829 2713 IMPERATORI.

247 2744 275 2796 1
417 2731 562 2805 Quid
600 2734 810 2795 habere
854 2737 987 2797 iuris
1025 2736 1169 2798 velis
1212 2749 1270 2799 et
1309 2741 1573 2817 Bithynas
1614 2754 1671 2804 et
1711 2744 1969 2806 Ponticas
2014 2747 2358 2808 civitates30

289 2816 347 2875 in
387 2817 678 2894 exigendis
724 2822 982 2897 pecuniis
1033 2839 1176 2899 quae
1220 2823 1333 2884 illis
1376 2825 1471 2885 vel
1521 2846 1596 2887 ex
1645 2828 2018 2890 locationibus
2062 2831 2159 2890 vel
2197 2849 2275 2891 ex

288 2898 700 2961 venditionibus
741 2902 940 2965 aliisve
977 2907 1160 2966 causis
1204 2906 1512 2968 debeantur
1552 2929 1727 2990 rogo,
1774 2912 2028 2990 domine,
2062 2918 2273 2974 rescri-

287 2981 407 3043 bas.
465 2981 593 3060 Ego
621 2988 808 3046 inveni
836 3005 869 3047 a
898 2985 1190 3068 plerisque
1219 2993 1651 3068 proconsulibus
1682 3013 2014 3057 concessam
2039 2998 2108 3058 iis
2137 3015 2273 3076 pro-

244 3067 577 3143 2topraxian
611 3087 847 3148 eamque
876 3071 1138 3150 prolege
1165 3074 1428 3136 valuisse.
1494 3076 1772 3140 Existimo
1800 3090 1988 3143 tamen
2015 3090 2107 3140 tua
2139 3099 2273 3159 pro·

289 3146 532 3206 videntia
563 3155 1011 3214 constituendum
1039 3155 1248 3234 aliquid
1276 3168 1333 3218 et
1366 3162 1758 3239 sanciendum,
1804 3182 1910 3242 per
1942 3164 2092 3242 quod
2120 3165 2354 3230 utili-35

287 3229 491 3288 tatibus
535 3250 727 3293 eorum
770 3237 826 3295 in
871 3248 1207 3318 perpetuum
1254 3244 1591 3306 consulatur.
1657 3245 1798 3304 Nam
1841 3266 1984 3325 quae
2028 3257 2160 3309 sunt
2198 3249 2272 3310 ab

290 3310 401 3370 illis
431 3313 709 3391 instituta,
751 3318 1026 3386 sintlicet
1064 3326 1352 3400 sapienter
1382 3327 1623 3405 indulta,
1663 3329 1856 3390 brevia
1883 3341 2067 3392 tamen
2096 3341 2155 3392 et
2186 3333 2270 3392 in-

291 3392 443 3452 firma
472 3404 621 3474 sunt,
653 3399 759 3458 nisi
787 3399 898 3459 illis
928 3411 1020 3463 tua
1048 3407 1324 3483 contingit
1354 3413 1674 3473 auctoritas.
