2467 3850
748 141 1264 205 urlsrumnuiu
1291 141 1370 203 11:
1408 154 1458 206 1.
1486 154 1538 205 2.
1582 115 1591 122 ’
2049 146 2129 208 23

156 309 212 362 et
241 300 411 359 stanti
441 298 570 376 ipso
597 294 852 375 pondere
894 295 1121 375 elapsus
1151 305 1260 356 est.
1329 294 1488 354 Hunc
1519 294 1647 353 dum
1687 296 1943 372 sequitur
1971 297 2130 356 colli·

158 386 388 461 gitque,
420 399 527 459 per
553 380 682 439 leve
714 390 771 440 et
802 379 1074 439 lubricum
1103 381 1476 459 pavimentum
1504 377 1735 438 fallente
1761 381 2004 456 vestigio
2037 399 2131 440 ce-

159 467 287 527 cidit
330 482 644 542 coxamque
686 464 892 539 fregit,
945 481 1089 540 quae
1120 481 1314 542 parum
1352 473 1482 541 apte
1516 461 1794 522 collocata
1818 463 2131 523 reluctante

155 559 338 611 aetate
378 547 525 611 male
568 549 720 607 coiit.
789 546 962 607 Huius
1003 549 1107 606 viri
1146 548 1423 624 exequiae
1462 564 1718 623 magnum
1759 556 2178 609 ornamentumfi

118 634 421 713 5principi,
456 649 714 708 magnum
743 630 1010 708 saecu10,
1039 649 1298 708 magnum
1328 630 1493 690 etiam
1522 631 1647 689 foro
1680 640 1736 690 et
1762 632 1959 690 rostris
1991 640 2130 690 attu-

158 717 364 776 lerunt.
429 715 703 776 Laudatus
732 724 820 774 est
854 733 886 774 a
927 713 1162 775 consule
1206 711 1473 773 Cornelio
1505 712 1725 773 Tacito:
1767 732 1890 773 nam
1918 714 2009 773 hic
2038 734 2129 775 su-

157 818 388 880 premus
418 799 672 859 felicitati
703 801 824 858 eius
851 797 1102 858 cumulus
1135 799 1414 874 accessit,
1454 797 1705 858 laudator
1736 797 2131 875 eloquentissi-

158 902 303 945 mus.
359 882 433 943 Et
462 882 560 942 ille
590 882 811 960 quidem
838 881 1038 960 plenus
1066 883 1221 942 annis
1248 882 1401 958 abiit,
1434 880 1638 959 plenus
1659 881 1989 958 honoribus,
2019 881 2131 940 illis
2150 887 2182 940 7

161 970 330 1027 etiam
367 983 512 1046 quos
547 967 860 1026 recusavit:
893 966 1058 1026 nobis
1102 975 1285 1025 tamen
1319 965 1669 1042 quaerendus
1706 983 1774 1024 ac
1816 965 2135 1025 desideran-

91 1051 264 1111 lodus
296 1060 385 1110 est
419 1060 477 1109 ut
509 1049 797 1129 exemplar
823 1051 947 1109 aevi
976 1051 1210 1128 prioris,
1253 1049 1383 1107 mibi
1411 1066 1550 1108 vero
1578 1050 1914 1127 praecipue,
1950 1052 2043 1126 qui
2072 1048 2136 1107 il-

150 1135 276 1195 ‘lum
307 1151 421 1193 non
460 1133 640 1194 solum
670 1132 898 1212 publice
939 1142 1199 1211 quantum
1231 1132 1535 1193 admirabar
1572 1142 1780 1193 tantum
1809 1131 2135 1209 diligebam

164 1221 403 1297 primum
445 1218 596 1295 quod
635 1219 854 1295 utrique
894 1216 1089 1277 eadem
1125 1218 1325 1294 regin,
1376 1218 1674 1294 municipia
1710 1217 1962 1292 finitima,
2017 1219 2186 1293 agri8

165 1305 331 1363 etiam
369 1304 882 1380 possessionesque
924 1305 1289 1376 coniunctae,
1339 1309 1632 1378 praeterea
1678 1299 1829 1378 quod
1867 1298 1965 1358 ille
2008 1299 2139 1359 mihi

163 1396 317 1446 tutor
341 1385 574 1446 relictus
611 1385 892 1444 adfectum
931 1387 1177 1463 parentis
1206 1383 1474 1443 exhibuit.
1544 1384 1640 1443 Sic
1674 1384 2019 1444 candidatum
2047 1402 2138 1443 me

93 1480 148 1532 15
166 1470 433 1546 suffragio
469 1471 713 1545 ornavit,
763 1469 845 1527 sic
885 1467 954 1527 ad
993 1485 1187 1529 omnes
1225 1467 1473 1527 honores
1501 1485 1660 1527 meos
1694 1487 1769 1528 ex
1811 1468 2138 1528 secessibus

166 1555 506 1629 accucurrit,
543 1570 667 1612 cum
694 1555 801 1611 iam
833 1552 1048 1629 pridem
1075 1552 1347 1612 eiusmodi
1381 1551 1582 1611 officiis
1609 1554 2023 1628 renuntiasset,
2054 1552 2138 1609 sic

165 1636 266 1696 illo
302 1637 392 1696 die
437 1654 548 1714 quo
589 1634 916 1697 sacerdotes
956 1635 1142 1696 solent
1173 1638 1455 1694 nominare
1487 1653 1629 1713 quos
1663 1635 2020 1712 dignissimos
2052 1653 2137 1693 sa-

168 1719 425 1780 cerdotio
455 1720 697 1781 iudicant
725 1737 814 1778 me
847 1736 1072 1796 semper
1098 1719 1428 1778 nominabat.
1474 1717 1618 1791 Quin
1642 1722 1806 1778 etiam
1827 1721 1883 1777 in
1902 1719 2009 1778 hac
2036 1736 2135 1777 no·
2156 1723 2189 1777 9

166 1805 395 1864 vissima
433 1802 734 1863 valitudine
764 1805 977 1862 veritus
1016 1820 1087 1862 ne
1127 1802 1273 1861 forte
1305 1803 1449 1860 inter
1488 1803 1886 1878 quinqueviros
1918 1819 2140 1860 creare-

93 1897 290 1965 2otur,
334 1889 428 1966 qui
468 1886 776 1947 minuendis
817 1885 1061 1965 puhlicis
1101 1886 1411 1963 sumptibus
1440 1884 1646 1944 iudicio
1678 1894 1902 1945 senatus
1934 1885 2139 1945 consti-

170 1972 488 2048 tuebantur,
525 1990 650 2031 cum
671 1971 753 2030 illi
778 1977 863 2030 tot
891 1972 1051 2029 amici
1083 1987 1253 2030 senes
1279 1967 1717 2046 consularesque
1747 1977 2137 2046 superessent,

166 2074 256 2114 me
286 2054 449 2116 huius
478 2057 675 2116 aetatis
708 2073 814 2134 per
842 2073 1009 2131 quem
1039 2063 1405 2114 excusaretur
1427 2052 1624 2131 elegit,⁴
1653 2052 1740 2113 his
1771 2051 1994 2130 quidem
2013 2069 2139 2109 ver-

166 2139 254 2199 bis
288 2141 478 2199 ‘etiam
506 2140 555 2199 si
583 2138 751 2198 filium
777 2137 1072 2215 haberem,
1104 2140 1202 2198 tibi
1232 2136 1610 2198 mandarem).
1655 2135 1868 2209 Quibus
1903 2154 1977 2195 ex
2010 2152 2139 2194 cau·
2158 2139 2225 2189 10

84 2240 113 2284 o
171 2224 248 2283 sis
290 2226 531 2302 nenesse
573 2233 663 2283 est
703 2231 976 2299 tamquam
1014 2224 1334 2281 inmaturam
1373 2229 1607 2280 mortem
1651 2222 1773 2281 eius
1802 2223 1858 2279 in
1886 2222 2010 2279 sinu
2042 2227 2137 2277 tuo

95 2306 440 2374 25defleam3
472 2308 520 2366 si
549 2316 730 2367 tamen
758 2307 842 2366 fas
872 2316 960 2365 est
987 2315 1080 2365 aut
1108 2306 1247 2365 llere
1276 2314 1367 2365 aut
1397 2306 1617 2364 omnino
1643 2313 1879 2364 mortem
1908 2321 2138 2379 vocare,

172 2408 280 2468 qua
310 2392 445 2450 tanti
471 2392 576 2449 viri
601 2389 905 2450 mortalitas
936 2392 1111 2466 magis
1141 2390 1289 2449 finita
1318 2406 1481 2466 quam
1506 2390 1618 2448 vita
1647 2398 1754 2449 est.
1816 2388 1968 2447 Vivit
1998 2388 2144 2446 enim
2161 2388 2224 2439 ll

171 2477 441 2552 vivetque
484 2492 710 2552 semper
752 2484 918 2552 atque
959 2476 1122 2532 etiam
1160 2473 1324 2533 latius
1359 2474 1415 2531 in
1457 2475 1721 2533 memoria
1768 2461 2047 2531 hominum
2087 2480 2146 2529 et

172 2575 437 2618 sermone
468 2558 812 2633 versabitur,
861 2566 1158 2636 postquam
1197 2557 1268 2616 ab
1298 2555 1477 2616 oculis
1518 2558 1778 2617 recessit.
1848 2553 2016 2614 Volui
2045 2555 2146 2614 tibi
2162 2554 2228 2605 12

172 2640 344 2700 multa
387 2639 494 2699 alia
534 2642 785 2701 scribere
805 2687 823 2718 ,
864 2641 967 2701 sed
1006 2650 1156 2701 totus
1189 2642 1401 2700 animus
1443 2642 1497 2698 in
1529 2639 1635 2699 hac
1668 2657 1774 2698 una
1804 2636 2145 2715 contempla-

98 2726 324 2785 3otione
357 2724 576 2785 defixus
600 2735 707 2785 est.
760 2724 1083 2802 Verginium
1115 2726 1339 2801 cogito,
1367 2723 1691 2800 Verginium
1717 2722 1917 2798 video,
1947 2720 2147 2797 Vergi-

172 2811 323 2867 nium
353 2810 460 2867 iam
487 2810 643 2869 vanis
673 2810 1026 2885 imaginibus,
1058 2808 1386 2867 recentibus
1411 2817 1619 2884 tamen,
1643 2807 1827 2882 audio,
1851 2804 2145 2883 adloquor,

170 2901 373 2960 teneo;
411 2893 502 2951 cui
535 2892 775 2953 fortasse
810 2891 1220 2970 cives-aliquos
1259 2892 1552 2952 virtutibus
1592 2909 1758 2970 pares
1789 2899 1847 2949 et
1877 2889 2145 2950 habemus

171 2985 230 3035 et
256 2975 610 3052 habebimus,
648 2975 826 3052 gloria
851 2977 1145 3035 neminem.
1208 2974 1369 3034 Vale.

1122 3106 1194 3167 ΙΙ.

718 3208 773 3262 c,
808 3208 1055 3259 PLINIUS
1088 3207 1363 3259 PAULINO
1401 3207 1518 3257 suo
1550 3205 1602 3260 S.

294 3308 556 3386 Irascor,
606 3328 715 3369 nec
756 3308 935 3387 liquet
975 3309 1105 3368 mihi
1146 3328 1214 3369 an
1263 3308 1528 3383 debeam,
1583 3306 1684 3367 sed
1722 3310 1951 3367 irascor.
2021 3307 2193 3368 Scisl

178 3411 338 3473 quam
368 3396 447 3462 sit
477 3411 633 3454 amor
663 3395 884 3471 iniquus
914 3394 1222 3470 interdum,
1256 3394 1515 3471 inpotens
1538 3409 1745 3469 saepe,
1789 3390 2149 3470 μικραίτιος

98 3151 158 3205 35
