2467 3850
332 174 415 236 90
861 233 864 238 .
912 233 920 242 ,
1173 171 1240 233 C.
1279 172 1475 234 PLINI

334 323 655 387 comoedias
688 323 851 385 audio
880 335 940 385 et
967 335 1173 405 specto
1200 328 1398 386 mimos
1432 335 1491 387 et
1518 326 1731 401 lyricos
1759 326 1896 403 lego
1926 335 1983 387 et
2013 325 2315 392 Sotadicos

329 408 635 485 intelleg03
663 408 959 486 aliquando
982 419 1277 488 praeterea
1304 410 1495 488 rideo,
1525 412 1686 470 iocor
1703 456 1721 487 ,
1750 410 1906 489 ludo,
1934 421 2107 489 utque
2130 415 2315 474 omnia

329 494 589 552 innoxiae
633 494 980 553 remissionis
1022 511 1234 570 genera
1273 494 1525 554 breviter
1569 493 1908 572 amplectar,
1959 494 2129 555 homo
2168 514 2314 556 snm.

285 575 458 641 3Nec
498 593 637 636 vero
677 576 920 638 moleste
962 577 1087 636 fero
1127 576 1272 636 hanc
1306 595 1443 637 esse
1482 577 1555 637 de
1582 578 1829 638 moribus
1859 581 1998 639 meis
2028 580 2316 640 existima·
2458 595 2461 676 4

331 662 574 736 tionem,
613 669 676 719 ut
707 663 801 739 qui
840 662 1100 720 nesciunt
1127 660 1258 720 talia
1291 660 1651 723 doctissimos
1680 663 2044 738 gravissimos
2074 665 2362 723 sanctis-5

282 745 505 808 4simos
532 743 787 804 homines
821 746 1174 823 scriptitasse
1205 762 1295 804 me
1331 746 1584 805 scribere
1613 748 1896 805 mirentur.
1947 746 2036 805 Ab
2071 744 2189 806 illis
2219 765 2317 806 au·

331 836 449 887 tem
478 826 677 904 quibus
710 837 902 887 notum
939 838 1030 889 est
1057 844 1201 906 quos
1237 838 1588 907 quantosque
1615 838 1878 889 auctores
1913 847 2118 907 sequar
2143 829 2316 890 facile

332 912 618 988 impetrari
637 928 812 989 posse
844 912 1065 972 confido
1092 921 1152 971 ut
1175 929 1369 971 ‘errare
1396 931 1508 989 me,
1537 912 1641 974 sed
1670 930 1796 972 cum
1823 911 1935 972 illis
1965 915 2144 972 sinant
2173 931 2316 992 quo-

230 1061 237 1066 ,
330 1011 454 1053 rum
490 1011 602 1053 non
640 996 786 1054 seria
829 995 996 1054 modo
1037 1013 1232 1054 verum
1273 997 1440 1055 etiam
1478 995 1636 1057 lusus
1677 996 1994 1075 exprimere
2030 995 2316 1058 laudabile

282 1088 315 1138 5
334 1085 441 1139 est.
483 1077 574 1136 An
602 1095 713 1155 ego
740 1096 945 1139 verear
974 1080 1283 1158 (neminem
1308 1081 1645 1156 viventium,
1671 1098 1743 1140 ne
1774 1097 1937 1157 qnam
1969 1081 2024 1139 in
2056 1083 2317 1158 speciem
2334 1092 2401 1144 10

334 1159 662 1222 adulationis
690 1162 961 1240 incidam,
1005 1161 1331 1240 nominabo)
1360 1164 1464 1224 sed
1496 1181 1609 1241 ego
1637 1180 1840 1223 verear
1864 1182 1936 1222 ne
1968 1182 2058 1223 me
2085 1182 2200 1224 non
2227 1184 2317 1225 sa-

331 1246 406 1305 tis
435 1242 637 1305 deceat
665 1244 816 1324 quod
857 1246 1046 1307 decuit
1077 1244 1154 1309 M.
1186 1245 1448 1323 Tullium,
1479 1244 1546 1308 C.
1571 1246 1825 1325 Calvum,
1847 1247 2100 1307 Asinium
2128 1246 2315 1307 Polio-

330 1345 481 1405 nem,
511 1326 588 1388 M.
617 1327 961 1406 Messallam,
994 1328 1065 1403 Q.
1098 1328 1478 1407 Hortensium,
1500 1329 1579 1389 Μ.
1602 1331 1849 1406 Brutum,
1878 1329 1937 1389 L.
1973 1329 2206 1408 Sullam,
2241 1330 2312 1404 Q.

335 1409 611 1488 Catulum,
648 1411 720 1485 Q.
750 1412 1118 1491 Scaevolam,
1154 1414 1412 1473 Servium
1444 1413 1786 1493 Sulpicium,
1814 1413 2143 1490 Varronem,
2174 1414 2315 1474 Tor·

334 1504 593 1573 quatum,
643 1498 809 1556 immo
839 1494 1185 1576 Torquatos,
1224 1494 1290 1557 G.
1320 1497 1668 1575 Memmium,
1709 1495 2035 1574 Lentulum,
2068 1497 2317 1558 Gaetuli·
2335 1502 2398 1553 15

335 1595 482 1655 cum,
513 1579 802 1640 Annaeum
829 1579 1128 1658 Senecam,
1156 1579 1460 1658 Lucanum,
1494 1591 1552 1641 et
1579 1584 1834 1661 proxime
1860 1579 2186 1657 Verginium
2199 1581 2316 1641 Ru-

331 1662 469 1739 fum,
501 1672 560 1723 et
588 1665 638 1725 si
666 1682 779 1724 non
811 1663 1094 1724 sufficiunt
1123 1663 1382 1742 exempla
1403 1666 1638 1744 privata,
1667 1665 1857 1725 divum
1878 1663 2097 1741 Iulium,
2126 1664 2319 1725 divum

283 1747 681 1826 6Augustum,
730 1748 915 1808 divum
969 1747 1246 1824 Nervam,
1299 1747 1581 1808 Tiberium
1625 1744 1967 1810 Caesarem?
2026 1746 2318 1808 Neronem

332 1832 481 1889 enim
508 1833 769 1909 transeo,
817 1834 1066 1910 quamvis
1109 1835 1284 1893 sciam
1325 1849 1437 1891 non
1479 1834 1760 1910 corrumpi
1802 1834 1858 1891 in
1889 1829 2136 1891 deterius
2165 1850 2315 1910 quae

330 1913 625 1993 aliquando
670 1917 835 1976 etiam
874 1934 906 1975 a
941 1915 1132 1994 malis,
1172 1915 1277 1976 sed
1316 1914 1553 1978 honesta
1598 1934 1822 1976 manere
1851 1933 1994 1993 quae
2023 1918 2252 1994 saepius
2283 1927 2398 1979 am

328 1999 493 2059 honis
523 2000 673 2059 fiunt.
744 1999 896 2059 Inter
924 2017 1068 2078 quos
1100 1999 1195 2059 vel
1223 2001 1532 2078 praecipue
1560 1999 1930 2059 numerandus
1962 2010 2051 2060 est
2077 1998 2136 2059 P.
2166 1999 2315 2059 Ver-

330 2082 523 2159 gilius,
556 2080 855 2143 Cornelius
884 2081 1082 2161 Nepos
1100 2128 1117 2159 ,
1148 2092 1208 2142 et
1237 2086 1390 2159 prius
1415 2083 1605 2144 Attius
1629 2082 1974 2162 Enniusque.
2033 2081 2161 2142 Non
2189 2086 2314 2162 qui-

332 2166 461 2225 dem
488 2165 545 2223 hi
584 2174 912 2241 senatores,
967 2165 1072 2225 sed
1111 2168 1377 2226 sauctitas
1420 2185 1632 2227 morum
1669 2184 1781 2227 non
1809 2167 1975 2228 distat
2005 2165 2311 2226 ordinibus.

180 2246 185 2259 '
281 2247 536 2312 7Recito
565 2257 784 2325 tamen,
817 2248 968 2325 quod
998 2248 1080 2307 illi
1106 2267 1175 2308 an
1203 2249 1444 2309 fecerint
1473 2253 1688 2311 nescio
1739 2249 1949 2311 Etiam:
1989 2250 2092 2312 sed
2119 2249 2202 2309 illi
2227 2253 2315 2310 iu·

333 2330 483 2390 dicio
527 2348 632 2391 sno
672 2341 935 2408 poterant
975 2349 1109 2391 esse
1153 2336 1435 2410 contenti,
1478 2333 1611 2393 mihi
1650 2334 1960 2396 modestior
1999 2336 2316 2395 constantia
2331 2346 2401 2398 25

286 2423 425 2477 sest
465 2432 628 2491 quam
667 2423 728 2474 ut
769 2416 903 2474 satis
932 2415 1250 2475 absolutum
1277 2427 1468 2494 putem
1498 2418 1649 2495 quod
1680 2437 1712 2478 a
1743 2436 1833 2477 me
1855 2417 2146 2496 probetur.
2202 2416 2316 2477 Ita-

330 2514 443 2574 que
470 2497 571 2556 bas
600 2497 871 2557 recitandi
901 2516 1099 2561 causas
1127 2518 1372 2578 sequor,
1404 2503 1671 2579 primum,
1704 2500 1899 2580 quod
1883 2520 2008 2580 ipse
2037 2503 2132 2579 qui
2162 2503 2315 2560 reci-

328 2589 408 2641 tat
440 2580 720 2660 aliquanto
749 2584 933 2642 acrius
956 2584 1183 2660 scriptis
1212 2586 1330 2645 suis
1356 2583 1668 2644 auditorum
1708 2586 2026 2646 reverentia
2054 2583 2313 2660 intendit,

330 2664 564 2741 deinde,
611 2665 762 2743 qnod
791 2665 862 2725 de
894 2667 1093 2744 quibus
1123 2667 1338 2728 dubitat
1366 2670 1524 2747 quasi
1553 2686 1626 2728 ex
1654 2667 1874 2728 consilii
1901 2670 2175 2729 sententia
2199 2676 2317 2727 sta-

283 2751 449 2811 9tuit.
514 2747 689 2810 Multa
721 2751 886 2810 etiam
928 2769 961 2810 a
992 2748 1177 2811 multis
1211 2750 1573 2828 admonetur,
1617 2761 1675 2812 et
1707 2753 1755 2812 si
1782 2769 1893 2810 non
1924 2750 2311 2830 admoneatur,
2332 2765 2408 2820 30

328 2832 460 2910 quid
492 2834 732 2913 quisque
761 2835 965 2895 sentiat
993 2837 1270 2913 perspicit
1298 2852 1372 2894 ex
1402 2834 1560 2896 vultu
1601 2834 1781 2895 oculis
1809 2846 1944 2895 nutu
1971 2852 2134 2893 manu
2162 2853 2315 2893 mur-

329 2933 485 2976 mure
517 2916 768 2986 silentio;
813 2936 955 2995 quae
1001 2921 1138 2978 satis
1163 2921 1375 2997 apertis
1402 2920 1549 2978 uotis
1579 2918 1841 2978 iudicium
1866 2917 1939 2977 ab
1973 2917 2316 2979 humanitate

245 3009 311 3061 lo
329 2998 671 3060 discernunt.
726 3001 917 3079 Atque
959 3001 1135 3078 adeo,
1190 3004 1241 3062 si
1285 3003 1373 3062 cui
1413 3003 1561 3062 forte
1590 3020 1783 3063 eorum
1813 3004 1907 3079 qui
1939 3000 2318 3063 interfuerunt

327 3100 495 3143 curae
527 3082 694 3143 fuerit
722 3085 917 3146 eadem
939 3084 1035 3146 illa
1057 3085 1278 3163 legere,
1307 3084 1604 3164 intelleget
1626 3105 1717 3147 me
1741 3085 2009 3163 quaedam
2039 3095 2132 3145 aut
2158 3104 2316 3146 com·

327 3175 574 3226 mutasse
596 3176 689 3227 aut
711 3172 1087 3246 praeterisse,
1113 3169 1356 3230 fortasse
1381 3172 1546 3237 etiam
1569 3188 1642 3230 ex
1663 3187 1769 3230 suo
1792 3168 1998 3228 iudicio
2015 3172 2318 3247 ,quamvis
2335 3180 2408 3235 35

244 3259 308 3311 11
329 3250 455 3326 ipse
478 3249 612 3310 nihil
632 3251 832 3311 dixerit
853 3252 1003 3312 mihi.
1032 3214 1219 3331 Atque
1240 3252 1385 3312 haec
1407 3255 1483 3314 ita
1506 3252 1756 3331 disputo,
1782 3254 1940 3330 quasi
1962 3252 2276 3331 populum
2259 3273 2321 3314 ιιι

326 3333 688 3409 auditorium,
724 3351 837 3394 nou
870 3337 926 3394 in
960 3335 1282 3396 cubiculum
1316 3339 1527 3397 amicos
1561 3336 1911 3413 advocarim,
1947 3352 2092 3414 quos
2114 3335 2319 3415 plures

325 3414 539 3478 babere
567 3417 755 3478 multis
784 3416 1127 3496 gloriosum,
1152 3418 1581 3497 reprehensioni
1610 3422 1816 3480 nemini
1842 3419 1964 3480 fuit.
2019 3418 2185 3480 Vale.
