2467 3850
226 156 353 222 294
1082 156 1149 220 C.
1179 155 1405 218 1³12}le

227 305 511 389 accipiat?
535 307 643 370 fflc
663 327 959 390 praesens,
982 310 1081 371 illc
1102 310 1313 371 mavult
1333 310 1542 373 absens
1571 309 1768 370 amari:
1796 318 2037 388 uterque
2064 327 2218 369 ame·

225 404 318 456 tur
355 402 417 455 ut
442 393 678 464 mavult3
716 410 883 455 nemo
918 397 976 453 in
1005 395 1248 455 taedium
1286 395 1638 473 praesentia,
1680 411 1846 455 nemo
1881 395 1936 454 in
1975 393 2217 453 oblivio-

226 495 357 539 nem
383 478 636 538 absentia
655 479 857 539 veniat.
904 477 1085 539 Tenet
1109 480 1352 557 quisque
1380 477 1568 540 locum
1591 495 1756 556 quem
1779 477 1960 537 semel
1981 478 2218 546 meruit;

226 561 566 641 faciliusque
607 571 699 623 est
735 572 797 623 nt
834 561 1018 622 oculis
1050 564 1173 623 eius
1212 561 1403 623 vultus
1442 563 1694 624 absentis
1736 578 1902 641 quam
1940 570 2002 621 ut
2031 563 2219 621 animo

230 648 430 706 caritas
460 645 702 706 excidat.
2240 655 2285 707 5

126 729 209 794 88
353 728 614 808 Plerique
646 729 967 809 principes,
1005 746 1132 789 cum
1156 737 1354 790 essent
1385 730 1591 789 civium
1618 730 1856 808 domini,
1887 728 2222 789 libertorum

229 821 389 875 erant
416 814 597 874 servi:
626 812 824 873 horum
849 812 1102 873 consiliis
1119 858 1137 891 ,
1165 814 1367 873 horum
1394 822 1530 873 nutu
1553 813 1928 890 regebantur,
1971 829 2077 890 per
2103 812 2218 872 hos

229 896 558 974 audiebant,
615 915 722 977 per
751 896 858 956 hos
896 895 1302 974 loquebantur,
1352 915 1459 977 per
1485 897 1591 957 hos
1620 906 1914 976 praeturae
1955 898 2120 955 etiam
2155 905 2223 955 et

231 980 548 1043 sacerdotia
577 989 636 1040 et
664 980 1023 1056 consulatue,
1052 981 1220 1041 immo
1243 991 1302 1041 et
1324 981 1394 1041 ab
1416 981 1504 1041 his
1533 981 1889 1059 petebantur.
1931 978 2014 1038 Tu
2040 978 2220 1039 liber-

227 1065 303 1125 tis
320 1066 432 1126 tuis
456 1082 726 1125 summum
756 1063 980 1143 quidem
999 1064 1272 1125 bonorem
1288 1110 1306 1140 ‚
1336 1064 1440 1124 sed
1466 1074 1742 1143 tamquam
1764 1064 1982 1124 libertis
2010 1063 2217 1139 habes,
2244 1075 2331 1126 10

229 1147 565 1226 abundeque
594 1148 860 1208 sufficere
889 1149 960 1207 iis
993 1147 1179 1207 credis
1195 1194 1213 1224 ‚
1256 1150 1305 1208 si
1334 1148 1497 1225 probi
1525 1157 1585 1208 et
1613 1148 1760 1225 frugi
1802 1148 2218 1208 existimentur.

231 1232 359 1292 Scis
398 1234 546 1292 enim
589 1233 953 1310 praecipuum
983 1249 1115 1292 esse
1147 1230 1408 1292 indicium
1442 1248 1554 1292 non
1581 1234 1766 1310 magni
1796 1232 2068 1310 principis
2099 1248 2221 1290 ma-

230 1332 377 1393 gnos
403 1314 657 1375 libertos,
714 1315 803 1374 Ac
832 1316 1071 1392 primum
1099 1317 1378 1375 neminem
1419 1317 1475 1375 in
1505 1334 1609 1375 usu
1642 1316 1820 1376 habes
1851 1316 1957 1375 nisi
1993 1324 2086 1375 aut
2111 1315 2225 1375 tibi

230 1407 326 1459 aut
357 1400 500 1476 patri
523 1406 618 1458 tuo
648 1406 741 1457 aut
767 1400 980 1477 optimo
1010 1400 1216 1477 cuique
1244 1400 1559 1478 principum
1588 1398 1883 1477 dilectum,
1916 1400 2223 1477 statimque

230 1482 338 1542 hos
366 1484 554 1560 ipsos;
583 1481 791 1542 cotidie
822 1481 1025 1542 deinde
1052 1484 1128 1543 ita
1150 1482 1357 1543 formas
1386 1495 1448 1543 ut
1475 1501 1541 1542 se
1568 1501 1679 1543 non
1705 1493 1800 1544 tua
1826 1483 2079 1560 fortuna,
2109 1479 2224 1542 sed
2244 1493 2328 1545 15

234 1583 335 1626 sua
372 1565 693 1626 metiantur:
739 1575 797 1625 et
836 1575 989 1626 tanto
1016 1569 1193 1644 magis
1224 1567 1377 1644 digni
1405 1567 1605 1645 quibus
1634 1567 1814 1627 honor
1844 1568 2020 1626 omnis
2049 1583 2224 1645 prae-

232 1657 414 1709 stetur
440 1666 473 1708 a
497 1649 661 1709 nobis
677 1696 696 1728 ‚
729 1650 858 1728 quia
886 1668 999 1711 non
1025 1660 1113 1710 est
1141 1668 1408 1711 necesse.
1463 1649 1707 1712 Iustisne
1734 1651 1806 1712 de
1835 1652 2018 1711 causis
2050 1667 2224 1709 sena-

232 1742 323 1793 tus
352 1731 711 1812 populusque
743 1733 1027 1793 Romanus
1058 1736 1251 1814 optimi
1277 1735 1379 1795 tibi
1409 1752 1726 1812 cognomen
1766 1731 2013 1795 adiecit?
2051 1732 2227 1793 Para-

232 1826 349 1877 tum
376 1816 433 1877 id
465 1816 690 1896 quidem
717 1824 776 1877 et
802 1820 861 1877 in
890 1818 1075 1878 medio
1106 1821 1382 1897 positum,
1428 1837 1634 1880 novum
1667 1828 1870 1879 tamen.
1926 1817 2086 1877 Scias
2113 1835 2228 1876 ne-
2464 1809 2467 1906 (

231 1902 437 1962 minem
475 1912 604 1963 ante
634 1903 942 1980 meruisse,
995 1901 1147 1981 quod
1173 1918 1288 1963 non
1316 1910 1436 1964 erat
1477 1901 1941 1980 excogitandum,
1995 1901 2043 1961 si
2085 1902 2221 1979 quis
2242 1910 2332 1964 20

231 1988 551 2047 meruisset.
607 1986 700 2045 An
740 1988 914 2047 satius
953 1986 1059 2047 fnit
1089 1985 1320 2047 felicem
1349 1985 1597 2048 vocare?
1637 1987 1788 2066 quod
1819 2004 1932 2046 non
1962 1985 2225 2045 moribus

235 2069 340 2131 sed
362 2069 616 2129 fortunae
645 2069 829 2130 datum
851 2079 969 2131 est:
998 2073 1173 2131 satius
1193 2068 1492 2150 magnum?
1521 2073 1610 2132 cui
1640 2070 1769 2149 plus
1789 2070 2029 2130 invidiae
2050 2085 2225 2146 quam

235 2151 663 2233 pulchritudinis
703 2156 869 2215 inest.
927 2153 1233 2233 Adoptavit
1274 2165 1332 2216 te
1371 2157 1613 2234 optimus
1643 2156 1911 2234 princeps
1944 2155 2000 2213 in
2029 2170 2223 2229 suum,

236 2244 463 2296 senatus
504 2238 561 2297 in
600 2238 795 2314 optimi
820 2255 1044 2298 nomen.
1097 2238 1222 2298 Hoc
1250 2240 1352 2300 tibi
1382 2248 1494 2299 tam
1520 2240 1809 2318 proprium
1839 2255 2000 2315 quam
2029 2244 2226 2314 pater-

234 2335 393 2386 num:
451 2337 558 2379 nec
593 2322 771 2397 magis
816 2320 1077 2382 distincte
1126 2322 1469 2401 defiuiteque
1503 2322 1761 2400 designat
1789 2324 1883 2400 qui
1923 2320 2226 2380 Traianum
2243 2331 2334 2384 25

237 2420 402 2481 quam
430 2404 524 2480 qui
554 2405 825 2481 optimum
852 2405 1131 2483 appellat,
1164 2416 1226 2465 nt
1254 2406 1387 2468 olim
1414 2405 1732 2484 frugalitate
1761 2405 1998 2466 Pisones
2015 2450 2033 2481 ,
2065 2404 2226 2481 sapi-

238 2487 387 2547 entia
412 2485 615 2564 Laelii‚
647 2489 860 2565 pietate
889 2487 1107 2549 Metelli
1130 2490 1593 2551 monstrabantur.
1653 2490 1812 2563 Quae
1842 2487 2005 2548 simul
2034 2489 2230 2546 omnia
2464 2472 2467 2643 ἵ

236 2588 350 2632 uno
389 2571 499 2631 isto
538 2573 762 2631 nomine
802 2574 1176 2632 continentur.
1243 2573 1369 2635 Nec
1404 2574 1584 2634 videri
1611 2582 1805 2652 potest
1836 2575 2081 2651 optimus
2106 2572 2228 2632 nisi

236 2657 336 2735 qui
375 2664 463 2715 est
503 2655 758 2715 omnibus
803 2657 1026 2735 optimis
1066 2658 1123 2716 in
1162 2676 1265 2718 sua
1305 2659 1575 2735 cuiusque
1614 2656 1779 2717 laude
1823 2656 2228 2734 praestantior.

236 2739 441 2800 Merito
474 2739 574 2799 tibi
604 2757 745 2817 ergo
773 2750 904 2817 post
932 2748 1154 2800 ceteras
1184 2739 1595 2820 appellationes
1623 2741 1764 2802 haec
1795 2750 1882 2800 est
1915 2739 2127 2814 addita,
2166 2748 2338 2803 ut30

236 2825 427 2882 maior.
468 2822 650 2884 Minus
677 2831 769 2882 est
797 2825 945 2883 enim
973 2826 1367 2901 imperatorem
1399 2834 1458 2884 et
1487 2822 1789 2884 Caesarem
1817 2833 1876 2884 et
1902 2823 2231 2899 Augustum
2464 2850 2467 2941 4

237 2921 404 2983 quam
443 2906 699 2966 omnibus
740 2908 1167 2985 imperatoribus
1204 2918 1264 2969 et
1308 2906 1645 2970 Caesaribus
1687 2917 1746 2970 et
1773 2908 2048 2984 Augustis
2082 2923 2231 2965 esse
2466 2946 2467 2957 ι

235 2986 548 3048 meliorem.
620 2989 874 3068 Ideoque
926 2990 1024 3051 ille
1065 3008 1270 3070 parcns
1310 2993 1590 3053 hominum
1633 2992 1981 3068 deorumque
2022 2990 2227 3067 optimi

237 3071 416 3149 prius,
449 3072 651 3132 deinde
679 3076 903 3134 maximi
924 3077 1149 3136 nomine
1178 3074 1403 3135 colitur.
1432 3074 1563 3149 Quo
1585 3073 1933 3153 praeclarior
1952 3072 2075 3134 laus
2098 3081 2225 3149 tua,

238 3169 410 3231 quem
436 3169 550 3213 non
575 3158 755 3216 minus
786 3166 1003 3219 constat
1032 3160 1300 3238 optimum
1330 3176 1464 3219 esse
1488 3177 1649 3237 quam
1680 3160 1992 3218 maximum.
2034 3154 2231 3216 Adse-
2248 3167 2346 3221 35
2466 3204 2467 3231 ι

239 3245 405 3296 cutus
448 3254 512 3295 es
539 3253 744 3298 nomen
776 3241 926 3318 quod
956 3242 1026 3301 ad
1053 3242 1219 3300 alium
1247 3245 1483 3303 transire
1508 3259 1618 3302 non
1646 3242 1865 3319 possit,
1903 3242 2010 3301 nisi
2036 3249 2096 3298 ut
2122 3257 2233 3318 ap-

237 3327 434 3397 pareat
471 3317 530 3374 in
573 3317 722 3376 bono
754 3325 1011 3401 principe
1039 3324 1313 3402 alienum,
1360 3328 1416 3386 in
1444 3326 1590 3388 malo
1622 3325 1853 3402 falsum,
1907 3323 2055 3403 quod
2083 3322 2238 3383 lieet
2460 3238 2467 3589 ί

241 3416 434 3460 omnes
473 3407 676 3477 postea
717 3415 1020 3484 usurpent,
1076 3425 1306 3486 semper
1343 3417 1529 3470 tamen
1571 3418 1914 3488 agnoscetur
1952 3417 2012 3469 ut
2044 3416 2233 3467 tuum.
