2467 3850
679 176 1201 242 EPISTULARUM
1242 172 1362 239 VII.
1404 191 1489 243 20.
1505 184 1608 243 Ἦ.
2020 185 2143 248 145

1079 330 1206 392 ΧΧ.

721 429 772 480 c,
812 431 1059 482 prmus
1091 419 1326 482 TAcrro
1363 430 1484 483 suo
1523 430 1577 484 S.

276 548 500 608 Librum
539 556 693 607 tuum
738 546 855 624 legi
897 558 955 609 et
994 566 1157 627 quam
1204 547 1632 627 diligentissime
1684 554 1842 630 potui
1883 552 2139 614 adnotavi
2163 576 2191 626 l

153 652 299 712 quae
333 630 747 708 commutanda,
782 649 926 709 quae
962 635 1255 695 eximenda
1288 634 1604 694 arbitrarer.
1644 633 1781 694 Nam
1812 646 1869 696 et
1898 656 2009 714 ego
2044 657 2141 699 ve—

106 724 275 776 5rum
310 716 504 776 dicere
534 716 765 776 adsuevi
797 725 854 776 et
883 725 943 776 tu
968 715 1212 778 libenter
1239 717 1447 778 audire.
1505 717 1709 797 Neque
1741 722 1887 779 enim
1916 721 2015 780 ulli
2044 740 2141 801 pa-

150 802 382 861 tientius
428 798 915 877 reprehenduntur
963 818 1128 879 quam
1169 804 1264 882 qui
1306 804 1543 862 maxime
1586 802 1796 863 laudari
1837 816 2141 866 merentur.

151 883 317 943 Nunc
347 902 379 943 a
406 894 463 944 te
497 882 701 942 librum
729 901 912 943 meum
944 902 1069 943 cum
1105 886 1554 947 adnotationibus
1593 888 1702 946 tuis
1736 898 2037 965 exspecto.
2095 890 2194 959 02

151 968 459 1046 iucundas,
505 985 539 1027 o
576 966 841 1047 pulchras
879 968 1074 1029 vices!
1120 969 1301 1043 Quam
1328 990 1417 1030 me
1454 970 1701 1031 delectat
1731 972 1917 1050 quod,
1961 974 2008 1033 si
2039 992 2146 1052 qua

151 1054 402 1132 posteris
447 1070 578 1111 cura
623 1054 835 1129 nostri,
879 1071 1290 1133 usquequaque
1333 1054 1645 1114 narrabitur
1683 1074 1793 1134 qua
1841 1056 2144 1117 concordia

71 1146 137 1197 10
153 1135 514 1214 simplicitate
545 1136 654 1195 fide
697 1136 1029 1197 vixerimus!
1078 1137 1200 1199 Erit
1241 1157 1424 1199 rarum
1453 1148 1511 1199 et
1540 1141 1761 1217 insigne
1792 1140 1934 1200 duos
1970 1140 2197 1211 homi-3

151 1240 257 1280 nes
292 1230 476 1280 aetate
504 1218 771 1297 dignitate
802 1221 1208 1299 propemodum
1246 1222 1545 1301 aequaleS,
1588 1242 1698 1283 non
1732 1223 1938 1285 nullius
1974 1228 2029 1285 in
2057 1225 2145 1285 lit—

151 1306 290 1364 teris
335 1305 571 1364 nominis
614 1304 828 1382 (cogor
856 1307 1004 1364 enim
1044 1305 1115 1365 de
1148 1315 1208 1366 te
1244 1325 1471 1386 quoque
1501 1309 1725 1385 parcius
1756 1307 1982 1387 dicere,
2018 1313 2147 1388 quia

151 1388 224 1447 de
253 1407 343 1448 me
380 1387 545 1448 simul
586 1388 781 1466 dico),
823 1388 1058 1448 alterum
1100 1389 1329 1450 alterius
1363 1389 1545 1451 studia
1573 1391 1806 1452 fovisse.
1867 1390 2198 1472 Equidem4

150 1471 644 1549 adulescentuluS,
680 1490 806 1532 cum
837 1474 945 1532 iam
975 1484 1032 1533 tu
1063 1473 1204 1534 fama
1232 1474 1527 1553 gloriaque
1556 1476 1828 1552 florereS,
1863 1486 1922 1537 te
1956 1480 2142 1557 sequi,

69 1566 134 1619 15
152 1556 253 1616 tibi
284 1555 458 1633 longo
502 1556 605 1616 sed
647 1558 1262 1632 proximusintervallo
1305 1568 1363 1618 et
1396 1578 1528 1619 esse
1567 1570 1625 1620 et
1653 1560 1846 1620 baberi
1875 1565 2144 1640 concupi-

153 1642 400 1701 scebam.
464 1639 539 1700 Et
571 1651 727 1700 erant
763 1640 934 1699 multa
973 1640 1284 1701 clarissima
1324 1644 1580 1720 ingenia;
1625 1644 1729 1703 sed
1770 1653 1827 1702 tu
1870 1645 2006 1704 mihi
2043 1648 2145 1725 (ita

152 1724 457 1785 similitudo
487 1734 713 1783 naturae
758 1724 1007 1802 ferebat)
1045 1727 1280 1784 maxime
1309 1726 1620 1803 imitabilis,
1657 1728 1893 1787 maxime
1930 1730 2144 1789 imitan-

154 1808 258 1867 dus
282 1807 583 1868 videbaris.
625 1808 753 1880 Quo
782 1810 960 1885 magis
987 1808 1210 1885 gaudeo
1240 1807 1411 1888 quod,
1446 1812 1495 1870 si
1537 1813 1662 1888 quis
1696 1810 1767 1869 de
1797 1812 1994 1871 studiis
2026 1832 2144 1872 ser·
2165 1826 2195 1876 5

152 1909 277 1968 mo,
322 1910 431 1951 una
469 1894 844 1971 nominamur,
891 1893 1044 1971 quod
1072 1893 1142 1953 de
1175 1903 1233 1954 te
1276 1893 1638 1972 loquentibus
1666 1896 1849 1956 statim
1884 1912 2142 1956 occurro.

6 2034 9 2061 ἱ
69 1989 138 2041 20
152 1976 277 2036 Nec
315 1977 517 2037 desunt
555 1979 649 2055 qui
681 1980 903 2056 utrique
932 1987 1184 2037 nostrum
1211 1978 1617 2056 praeferantur.
1678 1978 1795 2038 Sed
1823 1997 1962 2057 nos,
2007 1980 2192 2045 nihils

151 2064 390 2120 interest
422 2080 547 2121 mea
590 2079 702 2139 quo
742 2061 910 2138 loce,
964 2063 1269 2138 iungimur:
1319 2080 1444 2121 nam
1483 2062 1615 2121 mihi
1645 2064 1856 2142 primus
1891 2066 1984 2142 qui
2025 2082 2056 2123 a
2086 2074 2143 2124 te

150 2147 459 2222 proximus.
538 2145 683 2218 Quin
728 2148 894 2206 etiam
936 2147 992 2205 in
1033 2148 1386 2207 testamentis
1434 2146 1612 2207 debes
1661 2146 1990 2208 adnotasse:
2039 2150 2146 2208 nisi

152 2231 280 2307 quis
311 2229 459 2289 forte
489 2229 741 2288 alterutri
763 2239 1017 2290 nostrum
1051 2232 1457 2307 amicissimus,
1489 2231 1685 2291 eadem
1719 2231 1906 2308 legata
1939 2243 1996 2293 et
2026 2235 2146 2311 qui-

7 2378 8 2381 *
152 2314 281 2373 dem
304 2315 513 2390 pariter
542 2316 875 2392 accipimus.
934 2314 1092 2387 Quae
1126 2317 1306 2374 omnia
1349 2315 1460 2374 huc
1497 2324 1758 2393 spectant
1800 2325 1861 2376 ut
1901 2319 2194 2384 invicem‘l

69 2400 133 2453 25
150 2397 436 2457 ardentius
460 2396 788 2474 diligamus,
829 2415 955 2457 cum
985 2407 1068 2458 tot
1095 2400 1335 2460 vinculis
1366 2418 1470 2459 uos
1499 2400 1700 2479 studia,
1732 2417 1943 2481 mores,
1980 2400 2145 2479 fama,

151 2499 415 2561 suprema
438 2482 681 2559 denique
709 2482 991 2542 hominum
1019 2482 1220 2543 iudicia
1248 2485 1648 2562 constringant,
1712 2484 1875 2545 Vale.

1077 2634 1232 2695 XXI.

693 2734 746 2788 C.
783 2735 1032 2786 PLINIUS
1066 2734 1361 2786 CORNUTO
1400 2733 1520 2785 SUO
1557 2733 1609 2784 S.

68 2858 136 2911 30
215 2755 291 2901 f
273 2852 477 2927 Pareo,
504 2852 728 2930 collega
756 2857 1066 2932 carissime,
1099 2864 1158 2915 et
1183 2853 1483 2913 infirmitati
1515 2852 1841 2928 oculorum,
1873 2859 1933 2910 ut
1961 2836 2145 2927 iubes,
2167 2862 2194 2912 1

153 2936 413 2998 consulo,
472 2935 611 2996 Nam
642 2947 699 2997 et
733 2938 845 3000 huc
889 2949 1044 2999 tecto
1081 2937 1350 2998 vehiculo
1392 2936 1639 3014 undique
1670 2935 1954 3012 inclusus,
1987 2938 2146 3014 quasi

7 2986 8 3077 l
149 3024 206 3081 in
236 3020 527 3098 cubiculo,
561 3025 797 3098 perveni
826 3033 885 3083 et
920 3023 1015 3083 hic
1045 3040 1158 3082 non
1188 3020 1321 3082 stilo
1350 3020 1517 3081 modo
1540 3038 1736 3079 verum
1759 3021 1926 3079 etiam
1948 3019 2147 3080 lectio-

150 3107 317 3166 nibus
348 3104 685 3183 diffioulter,
734 3106 837 3168 sed
865 3107 1121 3167 abstineo
1151 3105 1409 3183 solisque
1437 3104 1664 3165 auribus
1695 3104 1918 3164 studeo.
1979 3101 2148 3164 Cubi·
2166 3114 2199 3165 2

153 3189 281 3249 cula
315 3190 577 3250 obductis
603 3190 749 3250 velis
795 3208 973 3269 opaca
1014 3209 1123 3250 nec
1165 3199 1352 3250 tamen
1388 3189 1629 3249 obscura
1670 3188 1834 3248 facio.
1901 3185 2146 3268 Crypto-

60 3282 135 3335 35
155 3276 410 3351 porticus
435 3292 662 3353 quoque
692 3276 979 3354 adopertis
1003 3274 1367 3334 inferioribus
1396 3272 1661 3334 fenestris
1686 3281 1894 3332 tantum
1917 3273 2145 3332 umbrae

154 3367 417 3434 quantum
459 3359 681 3420 luminis
725 3358 915 3419 habet.
990 3360 1088 3417 Sic
1130 3357 1393 3436 paulatim
1434 3357 1619 3417 lucem
1657 3357 1809 3417 ferre
1854 3356 2141 3417 condisco.

150 3441 437 3502 Balineum
467 3443 735 3521 adsum0,
769 3445 898 3522 quia
926 3443 1195 3521 prodest,
1226 3444 1447 3524 vinum,
1480 3443 1607 3521 quia
1633 3451 1978 3586 ηοῃιιέῗοεῐ,
2021 3446 2196 3519 par-3

232 3531 379 3584 Pmm
407 3531 507 3586 Ep,

713 3705 737 3738 1
