2467 3850
415 180 936 244 ErlsTULAauM
962 193 1248 247 85.—-92.
1279 186 1583 262 [17.--19.
1615 188 1925 265 ssa—93]
2034 186 2160 249 229

176 334 365 396 fectus
399 333 650 395 cohortis
689 335 1076 414 plenissimum
1113 336 1492 397 testimonium
1531 339 1798 400 meruerit
1826 336 1952 398 Iulii
1982 337 2158 400 Fero-

178 422 262 479 cis
302 429 362 479 et
405 418 575 479 Fusci
617 419 977 498 Salinatoris,
1023 419 1456 480 clarissimorum
1483 423 1743 480 virorum.
1808 420 1994 483 Meum
2023 441 2158 500 gau-

177 503 324 562 dium
353 520 648 581 meamque
677 504 1106 582 gratulationem
1132 503 1230 564 filii
1259 503 1477 564 honore
1513 506 1835 570 continebo.

752 634 1103 697 Lxxxvm.
1150 636 1577 717 [Lxxxvnn.]

607 735 661 788 C.
695 735 944 788 PLINIUS
977 735 1262 788 TRAIANO
1297 735 1713 791 IMPERATORI.

296 835 470 914 Opto,
500 836 755 914 domine,
788 847 846 897 et
873 836 1023 898 hunc
1053 838 1292 898 natalem
1323 848 1382 898 et
1410 837 1681 917 plurimos
1707 838 1849 899 alios
1878 846 2038 921 quam
2069 840 2149 901 fe-

172 919 476 981 licissimos
514 939 651 997 agas
690 931 1031 1002 aeternaque
1072 921 1237 982 laude
1283 922 1576 983 florentem
1613 924 1831 983 virtutis
1869 934 1996 984 tuae
2027 924 2151 1002 glo-

171 1005 307 1065 riam
338 1006 546 1083 [quam]
571 1004 865 1068 incolumis
894 1016 953 1067 et
975 1006 1137 1065 fortis
1159 1005 1281 1066 aliis
1305 1022 1480 1084 super
1498 1006 1608 1068 alia
1631 1008 1898 1086 operibus
1921 1026 2150 1087 augeas.

86 1095 155 1147 ¹⁰
882 1137 1265 1203 Lxxxvun.
1294 1137 1462 1219 [xc]

833 1240 1157 1293 TRAIANUS
1185 1240 1395 1292 PLINIO
1428 1239 1480 1291 S.

293 1340 565 1418 Agnosco
601 1351 733 1403 vota
772 1352 894 1422 tua,
939 1347 1011 1404 mi
1053 1343 1315 1404 Secunde
1350 1344 1671 1421 carissime,
1718 1344 1920 1422 quihus
1951 1361 2148 1422 preca-

168 1426 247 1486 ris
277 1436 338 1486 ut
379 1425 650 1504 plurimos
682 1435 741 1487 et
768 1427 1130 1489 felicissimos
1161 1428 1376 1489 natales
1407 1428 1646 1489 florente
1678 1437 1824 1488 statu
1852 1429 1935 1489 rei
1965 1426 2146 1506 publi·

86 1519 150 1569 15
168 1527 271 1569 cae
302 1519 526 1570 nostrae
556 1527 734 1588 agam.

123 684 159 734 5

614 1742 666 1793 C.
700 1741 946 1794 PLINIUS
973 1643 1712 1795 {ghffigllhpmssom-

292 1843 684 1922 Sinopenses,
738 1843 992 1922 domine,
1048 1863 1190 1924 aqua
1233 1845 1593 1912 deliciantur;
1641 1859 1784 1920 quae
1825 1841 2047 1901 videtur
2086 1851 2193 1908 etl

79 1927 313 1994 zobona
340 1938 399 1987 et
442 1931 678 2006 copiosa
706 1930 776 1989 ab
807 1938 971 1990 sexto
1003 1931 1225 1990 decimo
1254 1929 1489 1991 miliario
1517 1945 1695 2008 posse
1720 1926 1976 2006 perduci.
2040 1922 2145 1985 Est

164 2020 350 2070 tamen
381 2015 563 2071 statim
593 2013 663 2072 ab
693 2016 878 2093 capite
917 2013 1087 2092 paulo
1117 2014 1353 2093 amplius
1390 2010 1543 2072 mille
1572 2011 1833 2089 passibus
1861 2008 2024 2069 locus
2053 2026 2145 2070 su,-

164 2103 401 2172 spectus
431 2105 488 2155 et
513 2096 701 2157 mollis
720 2143 738 2174 ,
784 2115 950 2176 quem
984 2114 1097 2175 ego
1136 2099 1358 2157 interim
1386 2095 1666 2176 explorari
1697 2094 1920 2154 modico
1951 2095 2146 2172 inpen-

165 2178 258 2237 dio
304 2180 475 2255 iussi,
518 2199 587 2240 an
621 2183 883 2261 recipere
924 2192 982 2242 et
1022 2183 1303 2242 sustinere
1335 2198 1480 2260 opus
1514 2182 1714 2259 possit.
1776 2178 2017 2238 Pecunia
2049 2185 2196 2238 cu·2

165 2263 412 2322 rantibus
440 2265 603 2323 nobis
636 2275 921 2327 contracta
948 2283 1059 2326 non
1092 2266 1305 2344 deerit,
1339 2269 1385 2325 si
1412 2274 1503 2342 tu,
1535 2264 1791 2342 domine,
1824 2263 1934 2322 hoc
1962 2278 2146 2339 genus

76 2352 146 2404 25
168 2348 360 2423 operis
408 2356 467 2407 et
508 2349 819 2413 salubritati
858 2359 917 2412 et
957 2352 1276 2411 amoenitati
1316 2348 1482 2410 valde
1512 2349 1750 2411 sitientis
1781 2346 2037 2408 coloniae
2064 2347 2146 2404 in-

164 2428 424 2493 dulseris.

946 2516 1100 2579 XCI.
1145 2517 1370 2598 [XCII.]

821 2616 1148 2669 TRAIANUS
1188 2616 1396 2668 PLINIO
1428 2615 1481 2671 S.

287 2714 361 2774 Ut
394 2716 667 2794 coepisti,
702 2715 964 2777 Secunde
996 2721 1321 2795 carissime,
1370 2717 1604 2796 explora
1631 2716 1932 2793 diligenter
1960 2731 2029 2771 an
2063 2712 2145 2771 lo-

76 2815 146 2869 30
162 2816 263 2859 cus
296 2797 396 2857 ille
429 2816 594 2875 quem
629 2809 958 2878 suspectum
992 2800 1170 2864 habes
1210 2803 1495 2863 sustinere
1539 2818 1683 2878 opus
1734 2816 1912 2876 aquae
1942 2795 2145 2856 'ductus

160 2884 361 2961 possit.
425 2880 628 2959 Neque
664 2885 811 2941 enim
851 2882 1209 2944 dubitandum
1253 2894 1389 2962 puto
1432 2885 1562 2961 quin
1601 2900 1744 2959 aqua
1785 2877 2145 2959 perducenda

160 2969 315 3027 sitin
345 2964 623 3026 coloniam
663 2966 1069 3045 Sinopensem,
1113 2971 1159 3029 si
1197 2968 1367 3026 modo
1414 2976 1472 3026 et
1509 2967 1721 3026 viribus
1766 2966 1881 3025 suis
1910 2962 2145 3040 adsequi

159 3058 387 3129 potest,
434 3067 560 3108 cum
589 3049 883 3128 plurimum
924 3067 993 3110 ea
1030 3070 1125 3111 res
1170 3060 1229 3110 et
1270 3050 1578 3111 salubritati
1618 3059 1677 3110 et
1717 3047 1991 3126 voluptati
2020 3048 2143 3107 eius

162 3134 448 3195 conlatura
483 3133 576 3193 sit.

74 3237 142 3292 35
910 3229 1088 3293 xcn.
1139 3227 1394 3311 [xum]

604 3331 658 3383 C.
693 3330 939 3383 PLINIUS
977 3331 1265 3383 TRAIANO
1295 3331 1708 3386 IMPERATORI.

285 3434 673 3496 Amisenorum
700 3437 895 3497 civitas
919 3434 1099 3495 libera
1128 3444 1187 3496 ct
1217 3432 1507 3495 foederata
1539 3432 1820 3496 beneflcio
1855 3428 2146 3508 indulgen-
