2467 3850
301 174 423 240 138
1141 177 1209 237 C.
1251 175 1443 237 PLINI

298 330 590 390 suaserim.
649 329 726 390 Ut
750 330 900 389 enim
927 338 1111 389 terrae
1146 331 1317 388 variis
1347 330 1686 407 mutatisque
1715 328 2051 403 seminibus,
2092 330 2170 387 ita
2202 331 2289 389 in·

245 415 461 490 8genia
490 422 681 473 nostra
711 431 858 473 nunc
890 412 996 471 hac
1035 431 1180 473 nunc
1213 412 1307 473 illa
1336 413 1695 473 meditatione
1722 411 2066 471 recoluntur.
2133 412 2287 473 Volo

300 495 576 556 interdum
603 496 850 575 aliquem
882 515 957 555 ex
977 495 1209 557 historia
1243 496 1432 557 locum
1461 494 1872 576 adprehendas,
1903 495 2040 555 volo
2067 498 2286 574 epistu-

296 581 407 639 lam
439 579 764 657 diligentius
801 579 1043 640 scribas.
1104 579 1245 639 Nam
1286 598 1462 659 saepe
1503 583 1558 640 in
1598 582 1881 640 orationes
1911 596 2138 658 quoque
2167 598 2282 641 uon

296 665 564 724 historica
591 664 759 724 modo
791 663 895 723 sed
923 681 1105 744 prope
1140 668 1367 742 poetica
1397 664 1837 744 descriptionum
1859 666 2174 724 necessitas
2200 666 2281 724 in·
2298 670 2333 721 5

246 758 280 811 9
298 746 455 825 cidit,
483 756 543 807 et
564 765 800 826 pressus
828 765 1017 808 sermo
1050 766 1341 827 purusque
1372 766 1447 807 ex
1481 749 1739 827 epistulis
1762 748 1988 827 petitur.
2050 746 2161 808 Fas
2193 759 2283 809 est

297 840 358 893 et
386 833 627 891 carmine
657 833 886 908 remitti,
915 848 1028 891 uon
1058 831 1187 892 dico
1219 834 1487 892 continuo
1519 840 1578 891 et
1604 832 1779 909 longo
1808 830 1896 909 (id
1917 833 2062 890 enim
2081 832 2283 909 perfici

297 917 406 975 nisi
439 917 492 974 in
535 917 649 975 otio
689 931 800 974 non
842 914 1098 993 potest),
1144 917 1249 976 sed
1278 916 1389 976 hoc
1418 925 1618 992 arguto
1649 925 1706 975 et
1735 916 1926 992 brevi,
1970 915 2123 993 quod
2151 924 2284 994 apte

217 1011 285 1062 10
302 1007 533 1079 quantas
550 997 691 1059 libet
712 1000 1118 1078 occupationes
1141 1018 1422 1078 curasque
1444 999 1753 1076 distinguit.
1784 999 1963 1059 Lusus
1980 1009 2284 1067 vocantur;

303 1080 410 1144 sed
438 1083 494 1142 hi
534 1080 692 1146 lusus
733 1100 846 1142 nou
882 1084 1154 1142 minorem
1196 1083 1472 1143 interdum
1508 1083 1744 1161 gloriam
1782 1101 1945 1162 quam
1974 1085 2123 1144 seria
2153 1096 2371 1147 con-10

299 1175 637 1294 sequuntuffi
681 1176 850 1245 atque
889 1165 1034 1227 adeo
1076 1167 1210 1246 (cur
1253 1169 1401 1229 enim
1438 1176 1498 1227 te
1536 1167 1608 1227 ad
1648 1185 1851 1228 versus
1881 1182 1993 1226 non
2020 1167 2285 1228 versibus

295 1249 558 1311 adhorter
574 1252 628 1328 .)

212 1346 275 1398 11
461 1343 523 1394 ut
555 1334 677 1394 laus
707 1343 796 1395 est
828 1352 1017 1411 cerae,
1052 1333 1240 1395 mollis
1274 1334 1601 1413 cedensque
1633 1343 1901 1413 sequatur

544 1419 593 1478 si
627 1418 830 1478 doctos
861 1418 1068 1494 digitos
1091 1420 1356 1496 iussaque
1391 1417 1484 1477 fiat
1512 1436 1679 1498 opus,

462 1512 519 1561 et
546 1520 693 1560 nunc
725 1501 986 1561 informet
1015 1500 1250 1562 Martem
1277 1511 1558 1562 castamve
1585 1501 1910 1577 Minervam,
2302 1517 2368 1568 15

543 1604 693 1644 nunc
719 1585 1001 1646 Venerem
1035 1585 1267 1663 effingat
1300 1604 1447 1645 nunc
1476 1586 1716 1647 Veneris
1748 1603 2009 1663 puerunn

463 1679 637 1748 utque
661 1672 810 1729 sacri
840 1670 1028 1730 fontes
1058 1687 1173 1729 non
1199 1669 1322 1730 sola
1350 1670 1606 1729 incendia
1633 1672 1857 1747 sistunt,

547 1771 723 1832 saepe
755 1755 921 1813 etiam
949 1753 1120 1813 flores
1150 1771 1439 1831 vernaque
1468 1763 1627 1833 prata
1655 1756 1870 1814 iuvant:

461 1838 547 1897 sic
580 1837 863 1896 hominum
894 1840 1174 1914 ingenium
1204 1837 1360 1897 flecti
1389 1837 1632 1916 ducique
1664 1855 1771 1916 per
1802 1847 1953 1898 artes

543 1941 657 1982 non
684 1920 891 1999 rigidas
924 1921 1090 1982 docta
1117 1921 1428 1982 mobilitate
1459 1920 1645 1982 decet.
2295 1939 2367 1991 20
2460 1911 2461 1914 ¹

215 2016 280 2068 12
296 2005 494 2084 Itaque
523 2008 719 2065 summi
750 2016 1026 2083 oratores,
1054 2008 1253 2066 summi
1285 2007 1451 2066 etiam
1476 2007 1580 2065 viri
1609 2007 1695 2067 sic
1724 2023 1789 2064 se
1820 2012 1913 2063 aut
1935 2002 2282 2062 exercebant

214 2099 278 2152 13
295 2099 387 2150 aut
415 2088 793 2167 delectabant,
816 2092 982 2149 immo
1010 2089 1507 2234 delectabaffiff
1575 2090 1874 2166 ebantque.
1917 2086 2058 2153 Nam
2084 2088 2281 2145 mirum

295 2184 386 2233 est
414 2182 474 2231 ut
514 2173 600 2232 his
644 2173 935 2253 opusculis
978 2175 1188 2234 animus
1231 2175 1384 2233 inten
1423 2191 1455 2232 a
1480 2193 1515 2232 u
1574 2174 1914 2233 remittatur.
1976 2169 2281 2249 Recipiunt

294 2259 443 2316 enim
473 2274 692 2318 amores
711 2303 728 2334 ,
776 2256 931 2333 odia,
970 2259 1117 2335 iras,
1156 2258 1632 2335 misericordiam,
1667 2256 2064 2328 urbanitatem,
2098 2255 2282 2313 omnia

295 2339 537 2419 denique
578 2359 722 2420 quae
760 2342 818 2399 in
845 2342 957 2399 vita
987 2350 1158 2418 atque
1190 2342 1360 2400 etiam
1385 2343 1444 2399 in
1477 2341 1603 2400 foro
1638 2341 1937 2418 causisque
1965 2346 2368 2403 versantur-25

215 2432 281 2485 14
295 2422 449 2484 Inest
489 2425 576 2486 his
618 2441 846 2503 quoque
888 2423 1085 2483 eadem
1128 2441 1273 2501 quae
1311 2423 1434 2483 aliis
1466 2425 1799 2486 carminibus
1829 2422 2068 2499 utilitas,
2102 2421 2278 2500 quod,

294 2511 457 2569 metri
496 2509 842 2569 necessitate
881 2506 1162 2583 deiuncti,
1205 2507 1389 2568 soluta
1422 2511 1677 2568 oratione
1717 2508 1989 2567 laetamur
2026 2515 2086 2566 et
2129 2503 2283 2585 quod

213 2602 278 2654 15
297 2592 516 2654 facilius
558 2609 689 2652 esse
738 2593 1066 2671 conparatio
1114 2591 1363 2652 ostendit
1405 2591 1673 2653 libentius
1711 2592 2026 2651 scribimus.
2090 2589 2280 2649 Habes

292 2676 452 2756 plura
481 2678 646 2735 etiam
674 2674 916 2735 fortasse
951 2693 1112 2753 quam
1139 2675 1469 2754 requirebas
1486 2721 1504 2752 ,
1540 2693 1706 2735 unum
1734 2684 1918 2734 tamen
1945 2675 2138 2742 omisi;
2168 2689 2282 2732 non

293 2763 439 2821 enim
470 2760 584 2820 dixi
616 2777 760 2837 quae
791 2758 1033 2836 legenda
1062 2761 1390 2819 arbitrarer:
1427 2777 1755 2838 quamquam
1782 2758 1928 2835 dixi,
1971 2775 2097 2818 cum
2128 2757 2367 2822 dice-30

290 2863 412 2904 rem
441 2863 582 2923 quae
619 2843 934 2904 scribenda.
976 2842 1057 2902 Tu
1087 2846 1407 2903 memineris
1430 2846 1516 2904 sui
1540 2846 1812 2921 cuiusque
1835 2843 2063 2918 generis
2086 2850 2279 2900 aucto·

292 2945 387 2986 res
417 2927 719 3004 diligenter
745 2927 984 3004 eligere.
1025 2927 1195 2986 Aiunt
1225 2929 1375 2987 enim
1401 2927 1631 2987 multum
1652 2925 1956 3004 legendum
1977 2944 2134 3000 esse,
2167 2940 2279 2983 non

214 3022 281 3076 16
294 3009 480 3070 multa.
530 3010 637 3083 Qui
670 3014 779 3071 sint
807 3011 863 3070 bi
903 3011 1045 3069 adeo
1073 3020 1266 3071 notum
1292 3011 1699 3089 probatumque
1730 3019 1818 3070 est
1846 3019 1905 3068 ut
1934 3009 2280 3069 demonstra·

291 3093 445 3152 tione
472 3111 581 3154 non
613 3103 809 3170 egeat;
839 3102 895 3152 et
918 3093 1125 3172 alioqui
1157 3105 1268 3155 tam
1294 3096 1590 3155 immodice
1614 3093 1910 3173 epistulam
1937 3092 2167 3153 extendi
2196 3101 2278 3166 ut,

294 3174 424 3233 dum
456 3176 555 3234 tibi
587 3176 1045 3252 quemadmodum
1081 3179 1312 3238 studere
1341 3177 1553 3239 debeas
1587 3178 1820 3254 suade0,
1851 3176 2109 3244 studendi
2139 3185 2365 3238 tem-35

291 3276 400 3336 pus
430 3259 774 3319 abstulerim.
814 3259 962 3331 Quin
996 3278 1135 3337 ergo
1163 3260 1472 3339 pugillares
1501 3264 1741 3324 resumis
1771 3271 1830 3323 et
1858 3261 2070 3340 aliquid
2092 3279 2169 3321 ex
2190 3259 2281 3319 his

296 3341 388 3401 vel
418 3341 565 3401 istud
593 3342 778 3420 ipsum
808 3343 957 3420 quod
986 3361 1262 3423 coeperas
1293 3343 1540 3406 scribis?
1599 3345 1760 3407 Vale.
1798 3356 1804 3369 ⁴
2230 3384 2237 3387 ἡ

2446 249 2449 324 ‘
