2467 3850
314 152 434 214 180
1150 154 1213 214 C.
1262 154 1452 216 PL1N1

310 323 491 383 equos
524 313 581 364 et
612 324 782 367 canes
823 317 1058 367 emeret.
1117 306 1260 367 Huic
1302 325 1414 385 ego
1456 309 1658 366 iuvene
1702 306 1962 383 digresso
2004 302 2170 369 ‘heus
2207 319 2292 385 tu,

307 407 674 467 numquamne
707 390 896 451 fecisti
929 390 1080 468 quod
1107 409 1138 449 a
1167 399 1327 469 patre
1356 392 1562 469 corripi
1595 386 1835 469 posset?
1875 390 2085 467 fecisti,
2119 389 2293 453 dico?

307 490 420 532 non
450 473 727 533 interdum
759 473 900 533 facis
942 473 1091 553 quod
1126 473 1271 534 lilius
1312 483 1475 550 tuus,
1521 475 1569 534 si
1599 483 1837 552 repente
1867 484 2028 551 pater
2055 474 2188 552 ille,
2233 485 2295 536 tu

309 555 476 633 iilius,
520 560 639 634 pari
676 559 948 634 gravitate
978 554 1395 636 reprehendat?
1436 557 1565 617 Non
1592 575 1786 617 omnes
1815 557 2071 619 homines
2099 559 2295 637 aliquo

309 657 506 699 errore
543 638 857 701 ducuntur?
889 659 999 700 non
1030 641 1122 701 hic
1148 643 1202 699 in
1232 639 1332 700 illo
1362 642 1503 717 sibi,
1546 643 1604 700 in
1643 641 1756 700 hoc
1785 640 1929 704 alius
1957 638 2292 720 indulget?'
2312 652 2345 703 5

257 721 463 783 2Haec
495 725 595 784 tibi
625 724 939 784 admonitus
974 726 1285 784 inmodicae
1315 726 1631 784 severitatis
1675 725 1938 804 exemplo
1967 744 2072 805 pro
2101 744 2298 787 amore

306 816 499 867 mutuo
533 810 771 887 scripsi,
821 826 893 868 ne
926 809 1145 886 quando
1177 817 1236 867 tu
1268 825 1494 887 quoque
1526 808 1695 867 filium
1724 817 1878 867 tuum
1903 810 2163 870 acerbius
2197 810 2296 869 du·

308 894 538 969 riusque
577 902 867 953 tractares.
928 890 1130 969 Cogita
1167 901 1223 951 et
1265 891 1417 950 illum
1460 909 1695 970 puerum
1736 910 1868 952 esse
1910 903 1968 953 et
2000 903 2057 952 te
2088 893 2292 969 fuisse,

310 974 492 1052 adque
522 977 596 1035 ita
629 975 740 1035 hoe
783 974 934 1053 quod
974 995 1039 1035 es
1083 985 1244 1055 pater
1278 983 1437 1035 utere
1487 985 1546 1034 ut
1580 978 1898 1036 memineris
1928 985 1984 1036 et
2011 977 2294 1037 hominem
2388 1040 2393 1047 ,

313 1077 444 1119 esse
469 1067 526 1120 te
554 1068 613 1119 et
635 1060 870 1119 hominis
899 1068 1129 1139 patrem.
1191 1057 1351 1118 Vale.
1708 1106 1716 1125 .
2313 1074 2385 1126 10

1233 1191 1389 1254 XIII.

827 1291 881 1341 c,
914 1291 1160 1342 PL1N1US
1191 1291 1538 1351 QUADRATO
1572 1291 1692 1342 sno
1726 1290 1778 1340 S.

263 1403 292 1453 1
436 1392 654 1466 Quanto
695 1393 997 1455 studiosius
1029 1395 1409 1471 intentiusque
1440 1391 1630 1470 legisti
1672 1392 1848 1452 libros
1877 1408 2021 1471 quos
2053 1392 2121 1452 de
2159 1390 2295 1453 Hel·

311 1476 425 1535 vidi
447 1476 659 1536 ultione
693 1480 1016 1556 composui,
1059 1485 1211 1537 tanto
1237 1478 1544 1556 impensius
1572 1475 1826 1555 postulas
1857 1486 1914 1536 ut
1943 1477 2293 1555 perscribam
2319 1484 2379 1535 15

312 1561 412 1619 tibi
463 1578 606 1638 quae
651 1570 807 1620 extra
845 1561 1019 1621 libros
1072 1578 1334 1639 quaeque
1382 1562 1529 1620 circa
1572 1559 1781 1636 libroS,
1833 1569 2011 1619 totum
2051 1559 2294 1637 denique

260 1644 562 1704 2ordinem
605 1647 719 1720 rei,
785 1647 874 1704 cui
915 1663 1019 1723 per
1063 1654 1306 1704 aetatem
1356 1661 1465 1703 non
1520 1643 1838 1703 interfuisti.
1911 1642 2123 1703 Occiso
2179 1642 2295 1701 Do-

312 1730 535 1786 mitiano
572 1730 737 1788 statui
768 1746 987 1789 mecum
1014 1746 1081 1787 ac
1106 1728 1411 1788 deliberavi
1444 1744 1576 1788 esse
1607 1745 1861 1802 magnam
1890 1726 2296 1804 pulchramque

312 1813 593 1871 materiam
625 1812 933 1873 insectandi
963 1821 1273 1887 nocentes,
1329 1814 1566 1871 miseros
1595 1809 1939 1886 vindicandi,
1992 1827 2056 1869 se
2100 1809 2296 1889 profe-

312 1895 490 1957 rendi.
548 1895 721 1957 Porro
763 1898 907 1966 inter
933 1896 1101 1956 multa
1131 1894 1354 1956 scelera
1379 1894 1672 1956 multorum
1700 1893 1912 1954 nullum
1944 1896 2187 1954 atrocius
2213 1895 2292 1953 vi·
2313 1905 2385 1958 20

314 1979 548 2041 debatur
590 1998 752 2058 quam
782 1981 931 2059 quod
968 1983 1022 2040 in
1048 1989 1245 2041 senatu
1275 1989 1500 2042 senator
1521 1982 1788 2056 senatori,
1819 1981 2133 2057 praetorius
2161 1995 2295 2038 con-

315 2063 517 2141 sulari,
567 2082 669 2123 reo
709 2064 877 2124 iudex
909 2083 1100 2125 manus
1147 2064 1441 2124 intulisset.
1510 2062 1712 2122 Fuerat
1755 2063 1962 2141 alioqui
2004 2060 2136 2120 mihi
2169 2079 2296 2120 cum

314 2146 576 2206 Helvidio
606 2150 875 2224 amicitia,
908 2158 1110 2225 quanta
1134 2155 1397 2224 potuerat
1427 2166 1559 2209 esse
1591 2165 1715 2206 cum
1747 2164 1818 2206 eo
1848 2147 1945 2224 qui
1975 2155 2124 2205 metu
2155 2155 2297 2205 tem-

260 2239 511 2309 3porum
542 2248 744 2290 nomen
777 2236 976 2307 ingens
1008 2248 1289 2309 paresque
1312 2233 1547 2291 virtutes
1573 2249 1808 2292 secessu
1832 2230 2084 2306 tegebat,
2114 2229 2298 2288 fuerat

317 2330 443 2372 eum
471 2314 635 2372 Arria
677 2323 734 2372 et
775 2314 1009 2390 Fannia,
1054 2331 1281 2390 quarum
1325 2314 1499 2374 altera
1540 2313 1760 2374 Helvidi
1800 2331 2077 2389 noverca,
2119 2312 2386 2371 altera25

318 2404 494 2455 mater
522 2414 821 2456 novercae.
888 2397 1003 2457 Sed
1038 2414 1148 2456 non
1182 2400 1256 2457 ita
1289 2417 1380 2458 me
1420 2400 1535 2457 iura
1568 2400 1778 2476 privata
1807 2407 1867 2456 ut
1896 2395 2179 2474 publicum
2211 2397 2295 2456 fas

265 2488 301 2542 4
319 2488 377 2539 et
406 2479 700 2556 indignitas
730 2479 859 2539 facti
890 2491 946 2541 et
970 2481 1216 2559 exempli
1245 2485 1386 2542 ratio
1415 2482 1693 2545 incitabat.
1740 2481 1827 2541 Ac
1861 2482 2051 2558 primis
2074 2479 2299 2556 quidem

319 2563 519 2623 diebus
553 2563 804 2623 redditae
843 2563 1114 2626 libertatis
1156 2583 1263 2643 pro
1294 2584 1358 2625 se
1389 2568 1626 2644 quisque
1657 2567 1911 2624 inimicos
1944 2581 2112 2639 suos,
2144 2563 2296 2622 dum-

315 2656 466 2707 taxat
493 2649 772 2725 minores,
810 2648 1092 2709 incondito
1118 2648 1454 2727 turbidoque
1488 2648 1734 2709 clamore
1772 2646 2192 2727 postulaverant
2223 2649 2296 2706 si-

317 2731 430 2791 mul
461 2741 517 2792 et
549 2742 968 2810 oppresserant.
1012 2732 1140 2809 Ego
1177 2743 1234 2793 et
1265 2734 1573 2793 modestius
1603 2741 1660 2791 et
1696 2734 2037 2794 constantius
2066 2731 2294 2791 arbitra·
2314 2738 2386 2791 30

317 2825 408 2877 tus
447 2818 891 2876 immanissimum
933 2834 1089 2876 reum
1117 2832 1228 2875 non
1262 2818 1534 2875 communi
1567 2825 1881 2895 temporum
1909 2815 2143 2890 invidia,
2196 2816 2297 2876 sed

316 2901 549 2977 proprio
589 2902 815 2958 crimine
856 2917 1135 2978 urguere,
1185 2917 1311 2959 eum
1351 2902 1455 2959 iam
1494 2901 1627 2959 satis
1663 2901 1871 2978 primus
1916 2897 2014 2958 ille
2054 2901 2296 2976 impetus

319 2980 713 3042 defremuisset
758 2993 814 3044 et
862 2982 1174 3060 languidior
1221 2985 1278 3042 in
1333 2982 1453 3043 dies
1505 2984 1586 3043 ira
1623 2983 1691 3042 ad
1731 2985 1992 3043 iustitiam
2031 2981 2296 3057 redisset,

320 3080 647 3140 quamquam
675 3074 789 3124 tum
822 3069 1057 3126 maxime
1099 3068 1274 3126 tristis
1309 3069 1509 3127 amissa
1547 3085 1727 3145 nuper
1769 3083 1985 3142 uxore,
2031 3068 2188 3124 mitto
2226 3065 2301 3125 ad

318 3146 573 3204 Anteiam
602 3147 801 3225 (nupta
830 3147 971 3209 haee
1000 3147 1259 3209 Helvidio
1283 3149 1517 3228 fuerat),
1549 3167 1692 3227 rogo
1720 3160 1780 3209 ut
1809 3152 2016 3225 veniat,
2049 3150 2177 3226 quia
2208 3159 2385 3212 me35

268 3237 523 3288 brecens
563 3229 743 3289 adhuc
776 3229 961 3292 luctus
996 3231 1185 3291 limine
1232 3235 1560 3293 contineret.
1627 3234 1699 3293 Ut
1730 3236 1904 3311 venit,
1937 3235 2300 3293 ‘destinatum

321 3315 432 3371 est'
464 3313 684 3388 inquam
714 3314 866 3372 ‘mihi
900 3317 1151 3374 maritum
1178 3325 1331 3374 tuum
1364 3335 1473 3376 non
1508 3316 1738 3376 inultum
1767 3320 1896 3395 pati.
1962 3315 2165 3376 Nuntia
2189 3317 2299 3376 Ar-

321 3397 436 3454 riae
475 3403 532 3454 et
573 3393 834 3457 Fanniae'
876 3397 975 3473 (ab
1011 3397 1180 3456 exilio
1220 3399 1558 3479 redierant):
1615 3401 1875 3461 ‘consule
1922 3410 2013 3479 te,
2061 3397 2298 3462 consule
