2467 3850
842 150 1366 233 Pmcmcus
1397 163 1451 217 3.
1475 164 1528 217 4.
1551 165 1605 217 5.
2074 155 2196 222 241

211 304 305 365 Ac
336 322 409 364 ne
443 302 580 365 illud
613 303 837 382 quidem
865 321 1071 365 vereor
1096 324 1170 365 ne
1198 315 1389 383 gratus
1419 307 1742 384 ingratusve
1769 306 1994 384 videar,
2034 319 2202 388 prout

213 391 354 448 satis
395 398 489 447 aut
529 405 723 466 parum
762 387 974 448 dixero,
1042 389 1442 458 Animadverto
1480 389 1628 449 enim
1669 392 1835 450 etiam
1865 389 2005 452 deos
2041 395 2199 471 ipsos

211 490 333 532 non
356 481 469 532 tam
496 472 771 532 accuratis
802 470 1145 531 adorantium
1171 473 1437 550 precibus
1466 490 1630 552 quam
1651 475 1966 534 innocentia
1991 484 2049 535 et
2075 495 2196 536 san·

215 558 413 616 ctitate
442 555 637 616 laetari
652 600 671 632 ,
701 555 1116 634 gratioremque
1145 558 1444 616 existimari
1475 559 1570 635 qui
1603 556 1853 617 delubris
1885 574 2076 618 eorum
2099 578 2198 637 pu-

161 641 196 694 5
213 658 336 699 ram
377 648 695 717 castamque
724 646 970 697 mentem
1013 656 1176 717 quam
1216 642 1311 718 qui
1337 639 1658 700 meditatum
1687 658 1909 701 carmen
1936 640 2199 702 intulerit.

215 722 337 783 Sed
376 722 682 801 parendum
715 732 805 781 est
842 731 1070 782 senatus
1105 723 1400 801 consulto,
1450 739 1562 802 quo
1598 742 1670 783 ex
1702 724 1939 785 utilitate
1973 725 2200 803 publica
2222 721 2266 784 4

214 806 432 885 placuit
472 815 532 864 ut
573 805 821 867 consulis
864 822 1010 865 voce
1042 806 1145 865 sub
1178 807 1341 867 titulo
1369 809 1666 883 gratiarum
1701 808 2038 885 agendarum
2068 810 2201 869 boni

215 891 508 970 principes
544 907 688 967 quae
717 889 971 949 facerent
995 900 1515 968 recognoscerent,
1551 891 1679 950 mali
1711 909 1856 968 quae
1887 891 2078 953 facere
2101 892 2198 953 de-

219 974 439 1035 berent.
505 972 570 1032 Id
592 970 737 1033 nunc
769 989 841 1032 eo
866 975 1045 1050 magis
1076 972 1350 1034 sollemne
1383 992 1451 1033 ac
1480 978 1862 1035 necessarium
1896 986 2017 1053 est,
2051 976 2202 1053 quod

134 1066 204 1119 lo
220 1074 427 1136 parens
451 1066 649 1116 noster
678 1058 920 1136 privatas
949 1059 1245 1133 gratiarum
1274 1060 1526 1118 actiones
1552 1058 1779 1118 cohibet
1799 1068 1857 1119 et
1886 1062 2200 1138 conprimit,

220 1144 633 1201 intercessurus
679 1143 845 1201 etiam
885 1140 1163 1219 publicis,
1213 1143 1262 1201 si
1301 1143 1652 1221 permitteret
1681 1142 1788 1218 sibi
1826 1151 2020 1206 vetare
2052 1142 2254 1221 quod·

220 1230 448 1285 senatus
477 1224 716 1285 iuberet.
799 1223 1142 1302 Utrumque,
1190 1223 1404 1307 Caesar
1430 1225 1724 1303 Auguste,
1769 1225 2091 1303 moderate,
2139 1235 2200 1287 et

222 1307 376 1387 qnod
412 1307 544 1368 alibi
586 1309 689 1369 tibi
730 1310 936 1385 gratias
977 1310 1067 1384 agi
1106 1325 1217 1368 non
1261 1310 1396 1369 sinis
1438 1318 1496 1367 ct
1538 1308 1688 1387 quod
1729 1309 1820 1370 hic
1851 1312 2006 1374 sinis.
2075 1310 2203 1370 Non

223 1394 371 1452 enim
398 1410 432 1452 a
460 1401 517 1451 te
547 1394 675 1472 ipso
702 1393 803 1451 tibi
829 1391 1009 1451 honor
1032 1395 1141 1451 iste
1172 1390 1276 1451 sed
1305 1393 1377 1451 ab
1404 1394 1699 1468 agentibus
1731 1392 1985 1470 habetur.
2030 1392 2201 1454 Cedis

19 1500 30 1504 -
139 1478 206 1530 15
224 1474 536 1552 adfectibus
563 1478 801 1551 nostriS,
837 1494 946 1535 nec
974 1476 1137 1535 nobis
1167 1492 1394 1535 munera
1422 1485 1513 1535 tua
1537 1476 1862 1553 praedicare
1887 1477 1989 1538 sed
2012 1477 2200 1538 audire

220 1559 321 1636 tibi
349 1578 595 1620 necesse
621 1568 733 1620 est.
907 1621 920 1632 ,
1406 1628 1408 1630 ,

346 1644 534 1721 Saepe
565 1659 681 1724 ego
711 1658 962 1717 mecum,
1005 1651 1195 1719 patres
1228 1643 1566 1720 conscripti,
1613 1644 1811 1703 tacitus
1843 1647 2047 1721 agitavi
2071 1663 2201 1723 qua-

219 1726 337 1786 lem
381 1736 755 1805 quantumque
797 1742 929 1784 esse
973 1734 1293 1801 oporteret·
1309 1726 1468 1783 cuius
1511 1725 1719 1785 ditione
1760 1737 2008 1805 nutuque
2036 1731 2203 1788 maria

222 1820 411 1871 terrae
440 1828 554 1888 pax
590 1809 741 1869 bella
769 1817 1130 1885 regerentur;
1180 1826 1306 1868 cum
1333 1810 1546 1868 interea
1575 1809 1803 1885 fingenti
1833 1809 2205 1888 formantique

135 1894 358 1956 somihi
389 1894 701 1972 principem
742 1909 907 1972 quem
936 1902 1173 1971 aequata
1201 1891 1309 1953 diis
1338 1891 1717 1955 inmortalibus
1749 1902 2002 1972 potestas
2033 1893 2202 1954 decc-

220 1986 311 2039 ret
358 1994 653 2055 numquam
698 1985 833 2037 voto
888 1975 1085 2036 saltem
1132 1978 1437 2054 concipere
1480 1977 1755 2038 succurrit
1796 1977 2033 2037 similem
2073 1977 2205 2036 huic

220 2078 392 2140 quem
420 2060 691 2120 videmus.
752 2059 962 2121 Enituit
985 2058 1185 2138 aliquis
1210 2062 1267 2119 in
1295 2059 1450 2120 bello
1467 2107 1483 2138 ,
1517 2059 1620 2121 sed
1643 2059 1927 2120 obsolevit
1953 2063 2008 2118 in
2031 2078 2202 2139 pace:

221 2144 387 2205 alium
414 2154 579 2222 toga,
614 2145 718 2205 sed
744 2163 855 2205 non
887 2151 946 2204 et
974 2161 1122 2203 arma
1155 2144 1546 2204 honestarunt:
1577 2146 1949 2204 reverentiam
1968 2144 2065 2203 ille
2092 2153 2203 2204 ter-

221 2247 385 2307 rore,
442 2228 583 2289 alius
622 2246 869 2289 amorem
908 2228 1214 2288 humilitate
1257 2231 1526 2308 captavit:
1578 2226 1678 2287 ille
1716 2231 2025 2308 quaesitam
2056 2228 2204 2287 domi

136 2313 461 2391 25gloriam
485 2315 539 2372 in
573 2313 839 2391 publico,
891 2311 984 2371 hic
1014 2315 1069 2371 in
1100 2312 1332 2392 publico
1362 2322 1572 2390 partam
1603 2311 1750 2371 domi
1781 2312 2050 2390 perdidit:
2101 2329 2202 2390 po·
2247 2351 2253 2357 -

223 2406 433 2458 stremo
471 2395 651 2458 adhuc
682 2414 848 2457 nemo
878 2398 1059 2456 extitit
1094 2399 1253 2457 cuius
1282 2398 1519 2458 virtutes
1545 2394 1702 2456 nullo
1740 2398 1999 2456 vitiorum
2031 2395 2202 2454 conii-

223 2484 319 2541 nio
350 2480 720 2541 laederentur.
787 2481 862 2540 At
886 2482 1132 2559 ,principi
1166 2490 1360 2540 nostro
1391 2489 1590 2559 quanta
1621 2479 1926 2541 concordia
1943 2489 2203 2557 quantus-

225 2584 335 2643 que
377 2573 685 2624 concentus
717 2565 959 2624 omnium
989 2562 1209 2623 laudum
1241 2566 1531 2644 omnisque
1559 2562 1774 2640 gloriae
1806 2561 2070 2638 contigit!
2133 2562 2204 2620 Ut

223 2647 361 2708 nihil
396 2648 684 2707 severitati
714 2649 839 2707 eius
864 2645 1172 2722 hilaritate,
1205 2646 1342 2706 nihil
1370 2649 1625 2723 gravitati
1648 2646 2039 2724 simplicitate,
2069 2643 2203 2702 nihil

139 2731 499 2802 gomaiestati
530 2730 859 2789 humanitate
896 2728 1223 2788 detrahitur!
1296 2729 1410 2788 Iam
1441 2730 1701 2803 firmitas,
1742 2731 1848 2787 iam
1891 2728 2203 2804 proceritas

228 2815 518 2893 corporis,
546 2816 656 2872 iam
684 2813 867 2872 honor
898 2813 1094 2886 capitis
1121 2821 1181 2870 et
1213 2812 1453 2888 dignitas
1485 2813 1634 2887 oris,
1663 2811 1733 2870 ad
1761 2811 1871 2869 hoc
1900 2811 2093 2869 aetatis
2125 2813 2202 2868 in-

191 2898 446 2965 .deflexa
473 2898 753 2957 maturitas
782 2913 891 2956 nec
923 2897 1043 2954 sine
1076 2894 1315 2971 quodam
1343 2912 1574 2953 munere
1606 2894 1769 2954 deum
1803 2893 2079 2953 festinatis
2111 2911 2200 2952 se-

224 2984 468 3043 nectutis
509 2980 817 3058 insignibus
858 2977 927 3039 ad
957 2976 1267 3055 augendam
1297 2980 1645 3037 maiestatem
1678 2986 1866 3037 ornata
1898 2979 2199 3054 caesaries,

226 3082 409 3126 nonne
439 3064 611 3142 longe
642 3064 867 3143 lateque
908 3065 1222 3141 principem
1269 3057 1587 3121 ostentant?
1644 3059 1833 3119 Talem
1869 3078 1999 3120 esse
2034 3077 2200 3139 opor·
2224 3071 2262 3132 5
2367 3072 2372 3078 '

139 3162 211 3215 35
229 3152 329 3211 tuit
356 3166 521 3229 quem
548 3166 661 3208 non
688 3148 838 3209 bella
868 3146 1051 3207 civilia
1079 3163 1189 3204 nec
1217 3147 1381 3205 armis
1411 3162 1686 3223 oppressa
1715 3163 1809 3204 res
1844 3144 2070 3223 publica
2098 3144 2202 3204 sed

228 3252 335 3312 pax
365 3243 423 3294 et
450 3232 678 3311 adoptio
705 3241 762 3291 et
791 3231 1011 3291 tandem
1040 3238 1268 3289 exorata
1297 3231 1465 3289 terris
1496 3229 1712 3287 numina
1746 3226 2049 3290 dedissent.
2111 3228 2201 3287 An

226 3318 310 3376 fas
342 3325 460 3377 erat
491 3317 624 3376 nihil
654 3315 880 3376 differre
910 3318 1054 3374 inter
1076 3315 1470 3392 imperatorem
1493 3330 1660 3389 quem
1680 3311 1932 3373 homines
1954 3322 2012 3371 et
2035 3329 2201 3389 quem

231 3401 302 3459 dii
331 3397 646 3459 fecissent?
673 3417 904 3479 quorum
929 3395 1151 3479 quidem
1186 3399 1241 3457 in
1268 3407 1355 3475 te,
1389 3393 1598 3458 Caesar
1618 3395 1872 3541 Augluste
1889 3441 1907 3474 ,
1940 3394 2200 3454 iudicium

310 3489 452 3541 an
479 3486 579 3542 ΕΡ.
608 3540 614 3545 ,
1609 3486 1635 3511 ’
1760 3480 1800 3542 6
