2467 3850
647 214 1168 278 EPISTULARUM
1194 216 1294 278 111.
1341 230 1424 282 10.
1459 229 1541 280 11.
1577 226 1659 282 12.
2065 221 2145 285 57

166 369 474 429 amicorum
499 368 556 428 in
581 370 758 428 maius
784 369 1046 430 extollat:
1077 369 1206 431 inde
1239 372 1403 430 etiam
1427 387 1610 431 meum
1641 374 1897 432 meritum
1922 381 1983 433 ut
2011 390 2145 432 vera

166 453 243 513 ita
283 468 457 530 supra
496 453 751 512 meritum
796 453 1212 531 praedicatione
1258 454 1594 515 circumfert.
1667 454 1975 534 Equidem,
2021 474 2145 515 cum
2164 469 2198 520 2

167 544 364 596 essent
404 535 730 614 philosophi
770 538 841 597 ab
884 537 1023 598 urbe
1065 541 1356 615 summoti,
1402 538 1480 596 fui
1510 539 1659 617 apud
1685 538 1838 598 illum
1867 543 1920 598 in
1950 539 2145 599 subur·

167 621 348 696 bano,
392 629 451 681 et
483 635 594 698 quo
624 619 959 697 notabilius,
990 621 1102 681 hoc
1132 631 1221 682 est
1248 621 1626 701 periculosius
1656 632 1843 700 esset,
1880 623 1960 682 fui
1986 640 2145 701 prae-

119 713 272 772 5tor.
332 701 633 765 Pecuniam
662 705 862 781 etiam,
895 722 1001 782 qua
1028 714 1159 766 tunc
1190 705 1270 764 illi
1297 705 1569 785 ampliore
1601 715 1929 785 opuserat,
1959 716 2019 767 ut
2045 724 2145 766 aes

164 786 409 846 alienum
436 786 763 848 exsolveret
789 796 1131 848 contractum
1152 807 1227 848 ex
1251 788 1640 866 pulcherrimis
1663 793 1870 867 causis,
1898 808 2144 849 mussan·

163 871 315 930 tibus
357 873 574 948 magnis
616 871 945 949 quibusdam
988 882 1046 932 et
1086 871 1466 952 locupletibus
1496 875 1692 934 amicis
1718 882 1993 934 mutuatus
2020 875 2144 953 ipse

162 955 456 1031 gratuitam
484 954 631 1014 dedi.
676 955 879 1033 Adque
907 955 1050 1015 haec
1082 956 1219 1033 feci,
1254 973 1381 1015 cum
1410 967 1633 1036 septem
1660 959 1855 1017 amicis
1883 959 2026 1017 meis
2055 965 2197 1018 aut3

162 1039 380 1098 occisis
408 1046 502 1097 aut
529 1037 831 1116 relegatis,
877 1040 1086 1099 occisis
1115 1040 1435 1100 Senecione
1464 1040 1698 1101 Rustico
1729 1039 2022 1116 Helvidio,
2056 1059 2144 1100 re·

91 1133 150 1185 10
165 1120 373 1198 legatis
402 1120 650 1181 Maurico
681 1120 906 1182 Gratilla
935 1123 1097 1184 Arria
1123 1123 1360 1200 Fannia,
1404 1134 1487 1183 tot
1527 1126 1677 1184 circa
1716 1143 1807 1184 me
1848 1126 2005 1185 iactis
2040 1123 2144 1183 ful-

162 1205 406 1264 minibus
448 1206 604 1282 quasi
646 1206 934 1265 ambustus
976 1207 1107 1266 mihi
1148 1225 1375 1286 quoque
1405 1207 1711 1286 inpendere
1740 1207 1888 1268 idem
1919 1210 2146 1268 exitium

163 1289 336 1348 certis
382 1287 708 1366 quibusdam
751 1291 900 1349 notis
941 1308 1259 1368 augurarer.
1321 1288 1449 1349 Non
1489 1290 1617 1351 ideo
1660 1302 1842 1351 tamen
1888 1292 2197 1350 eximiam4

160 1369 400 1448 gloriam
429 1374 704 1431 meruisse
734 1390 846 1450 mc,
880 1382 941 1434 ut
968 1374 1065 1435 ille
1091 1375 1401 1454 praedicat,
1436 1375 1608 1436 credo
1640 1375 1744 1435 sed
1768 1384 1975 1435 tautum
2004 1375 2143 1434 effu-

158 1456 320 1531 gisse
349 1454 634 1531 flagitium.
678 1454 818 1516 Nam
848 1466 905 1516 et
936 1456 1000 1518 C.
1032 1456 1377 1534 Musonium,
1414 1476 1673 1519 socerum
1708 1461 1852 1535 eius,
1886 1463 2195 1537 quantum5

90 1553 145 1605 15
160 1536 377 1597 licitum
408 1549 498 1598 est
525 1558 633 1618 per
661 1549 938 1618 aetatem,
983 1559 1110 1601 cum
1149 1543 1506 1602 admiratione
1537 1542 1709 1602 dilexi
1741 1552 1798 1602 et
1828 1543 2143 1602 Artemido-

159 1638 282 1680 rum
311 1624 497 1699 ipsum
525 1624 632 1683 iam
662 1631 808 1701 tum,
853 1642 978 1683 cum
1006 1627 1062 1684 in
1090 1624 1252 1700 Syria
1281 1625 1531 1686 tribunus
1561 1624 1885 1702 militarem,
1918 1636 2032 1685 arta
2063 1626 2142 1686 fa-

156 1705 474 1766 miliaritate
515 1706 845 1785 complexus
888 1726 1044 1786 sum,
1087 1709 1257 1787 idque
1297 1712 1531 1788 primum
1569 1727 1681 1769 non
1709 1708 1909 1768 nullius
1940 1708 2143 1768 indolis

159 1787 292 1848 dedi
325 1789 642 1868 specimen,
674 1792 826 1869 quod
854 1794 1031 1851 virum
1062 1800 1154 1852 aut
1182 1794 1492 1869 sapientem
1522 1802 1614 1851 aut
1642 1794 1952 1870 proximum
1972 1792 2143 1851 simil·

158 1871 465 1953 limumque
496 1876 733 1954 sapienti
762 1874 1096 1955 intellegere
1126 1893 1248 1935 sum
1275 1878 1447 1935 visus.
1503 1874 1642 1935 Nam
1672 1893 1744 1935 ex
1775 1875 2026 1936 omnibus
2048 1878 2140 1950 qui
2158 1880 2191 1934 6

82 1964 310 2018 20nunc
351 1975 417 2017 se
469 1957 843 2039 philosophos
883 1969 1088 2021 vocant
1126 1961 1223 2019 vix
1263 1977 1428 2018 unum
1466 1968 1558 2021 aut
1612 1958 1845 2019 alterum
1887 1961 2141 2018 invenies

155 2050 310 2100 tanta
353 2042 711 2121 sinceritate,
754 2052 900 2104 tanta
941 2046 1194 2104 veritate.
1249 2042 1409 2103 Mitto
1450 2061 1557 2122 qua
1587 2043 1849 2119 patientia
1883 2044 2139 2119 corporis

154 2124 381 2185 hiemes
411 2126 562 2187 iuxta
592 2135 650 2186 et
677 2136 924 2188 aestates
954 2121 1213 2205 ferafsut'
1243 2126 1407 2187 nullis
1437 2127 1723 2186 laboribus
1754 2126 1938 2202 cedat,
1971 2134 2030 2184 ut
2057 2127 2139 2185 ni·

157 2208 235 2268 hil
267 2209 326 2267 in
359 2209 512 2287 cib0,
543 2212 598 2268 in
628 2219 771 2289 potu
794 2210 1174 2291 voluptatibus
1205 2214 1440 2288 tribuat,
1470 2220 1532 2270 ut
1560 2209 1760 2270 oculos
1787 2212 2137 2287 animumque

158 2295 461 2352 contineat.
523 2293 663 2353 Sunt
693 2295 833 2354 haec
864 2313 1058 2373 magna
1077 2342 1094 2372 ,
1127 2295 1230 2356 sed
1258 2297 1315 2354 in
1342 2294 1479 2363 alio;
1511 2297 1565 2353 in
1594 2294 1704 2354 hoc
1731 2311 1870 2356 vero
1897 2295 2137 2368 minima,
2158 2302 2190 2357 7

82 2377 205 2440 25⁸1
238 2378 451 2435 ceteris
482 2378 779 2438 virtutibus
813 2388 1239 2457 comparentur,
1286 2378 1486 2458 quibus
1527 2380 1728 2438 meruit
1766 2388 1824 2437 ut
1854 2396 1885 2437 a
1917 2375 1983 2436 C.
2018 2376 2139 2436 Mu-

155 2461 320 2519 sonio
349 2477 428 2520 ex
457 2462 710 2521 omnibus
745 2465 984 2523 omnium
1014 2463 1265 2523 ordinum
1301 2462 1742 2522 adsectatoribus
1772 2478 1951 2539 gener
1978 2460 2139 2519 adsu-

156 2554 423 2605 meretur.
480 2543 638 2616 Quae
669 2545 800 2605 mihi
829 2546 1143 2607 recordanti
1175 2555 1265 2606 est
1293 2546 1515 2625 quidem
1544 2544 1841 2605 iucundum
1870 2544 2021 2622 quod
2049 2561 2137 2603 me
2155 2554 2190 2607 8

160 2644 286 2686 cum
329 2627 479 2705 apud
520 2628 662 2687 alios
704 2637 819 2687 tum
861 2629 1009 2708 apud
1051 2638 1107 2688 te
1152 2632 1315 2690 tantis
1346 2628 1600 2688 laudibus
1633 2627 1902 2702 cumulat,
1933 2642 2141 2687 vereor

157 2718 344 2770 tamen
382 2730 453 2771 ne
493 2712 716 2772 modum
757 2714 1030 2789 excedat,
1074 2732 1241 2792 quem
1285 2713 1595 2789 benignitas
1639 2713 1760 2771 eius
1802 2709 1963 2787 (illuc
1994 2710 2139 2768 enim

83 2794 304 2854 munde
336 2797 506 2874 coepi
532 2797 819 2876 revertor)
850 2813 960 2856 non
989 2796 1138 2856 solet
1169 2806 1381 2857 tenere.
1437 2794 1577 2854 Nam
1607 2795 1663 2853 in
1691 2794 1802 2853 hoc
1833 2810 1943 2851 uno
1971 2796 2138 2853 inter·
2156 2803 2190 2858 9

157 2877 283 2937 dum
312 2879 401 2938 vir
437 2879 647 2957 alioqui
676 2880 1139 2958 prudentissimus
1169 2881 1409 2940 honesto
1444 2877 1667 2956 quidem
1696 2875 1799 2935 sed
1837 2886 2021 2935 tamen
2051 2894 2139 2936 er-

154 2978 284 3021 rore
326 2972 619 3041 versatur,
661 2964 812 3042 quod
855 2963 1029 3044 pluris
1069 2966 1280 3025 amicos
1310 2979 1445 3022 suos
1477 2977 1641 3039 quam
1672 2970 1799 3020 sunt
1825 2961 2137 3021 arbitratur.

28 3085 29 3138 ἢ
155 3043 313 3106 Vale.

28 3219 142 3275 ‘35
230 3255 273 3308 l
1085 3177 1210 3237 XII.

575 3278 630 3334 C.
668 3278 914 3331 PLINIUS
944 3278 1199 3329 CATILIO
1231 3275 1480 3327 SEVERO
1511 3275 1631 3327 SUO
1664 3275 1717 3327 S.

270 3379 506 3441 Veniam
535 3380 604 3440 ad
635 3398 862 3456 cenam,
896 3378 999 3440 sed
1027 3381 1133 3438 iam
1159 3396 1306 3437 nuuc
1336 3378 1597 3456 paciscor
1624 3379 1697 3461 sit
1728 3376 2023 3455 expedita,
2069 3379 2185 3437 sitl

157 3481 360 3543 parca,
405 3464 711 3525 Socraticis
753 3472 960 3525 tantum
1002 3464 1354 3524 sermonibus
1384 3461 1659 3538 abundet,
1704 3463 1760 3534 in
1793 3461 1879 3520 his
1911 3476 2138 3537 quoque
