2467 3850
641 146 1167 239 ‘Erlsrumnnm
1196 179 1298 238 111.
1344 189 1424 242 16.
1459 188 1542 242 17.
1578 188 1660 242 18.
2064 181 2146 246 61

169 334 331 407 ‘ego'
361 321 552 407 inquid
582 333 663 389 ‘te
693 328 941 406 audiam,
974 334 1131 391 cuius
1159 333 1215 390 in
1242 332 1460 408 gremio
1491 331 1888 393 Scribonianus
1918 333 2145 391 occisus

167 424 277 490 est,
310 422 370 473 et
396 411 617 474 vivis?’
647 411 755 472 Ex
784 431 897 492 quo
924 414 1276 474 manifestum
1306 424 1396 474 est
1424 417 1481 476 ei
1512 413 1803 475 consilium
1833 412 2142 493 pulcherri-

165 515 288 556 mae
323 499 516 558 mortis
542 511 655 556 non
684 498 925 557 subitum
952 498 1146 558 fuisse.
1202 497 1350 570 Quin
1380 500 1563 573 etiam,
1599 515 1724 557 cum
1751 495 2016 573 Thrasea,
2042 517 2144 575 ge·
2164 509 2227 559 ιο

164 599 267 640 ner
295 583 452 656 eius,
496 581 897 659 deprecaretur
922 600 993 641 ne
1020 584 1160 641 mori
1189 592 1460 660 pergeret
1489 584 1745 661 interque
1775 581 1880 641 alia
1910 580 2144 646 dixisset

120 665 274 729 5‘vis
306 683 448 742 ergo
475 663 640 724 filiam
664 674 831 742 tuam,
863 667 913 724 si
939 666 1069 725 mihi
1089 666 1435 744 pereundum
1464 666 1652 743 fuerit,
1685 668 1824 724 mori
1847 663 2138 726 mecum?’

165 748 459 827 respondit
499 752 570 807 ‘si
609 758 719 808 tam
763 749 854 808 diu
893 758 1152 828 tantaque
1200 749 1500 810 concordia
1528 751 1731 809 vixerit
1758 758 1946 809 tecum
1980 767 2142 827 quam

164 849 278 910 ego
311 849 439 891 cum
467 831 670 910 Paeto,
712 833 890 893 volo?
944 833 1196 894 Auxerat
1225 836 1338 895 hoc
1365 849 1645 913 responso
1677 851 1863 893 curam
1894 850 2137 909 suorum,
2159 844 2220 894 11

165 918 430 977 attentius
462 915 908 977 custodiebatur:
937 920 1113 978 sensit
1137 929 1195 978 et
1223 917 1381 977 ‘nihil
1403 920 1592 996 agitis'
1624 917 1842 996 inquid:
1877 921 2141 996 ‘potestis

166 1002 313 1059 enim
353 1001 588 1060 efficere
628 1010 687 1060 ut
729 1000 873 1060 male
912 1003 1145 1079 moriar,
1201 1013 1264 1062 ut
1302 1019 1415 1065 non
1462 1003 1666 1062 moriar
1705 1018 1815 1061 non
1855 1004 2139 1079 potestis?

48 1107 51 1110 ’
93 1095 152 1146 10
164 1083 310 1143 Dum
337 1084 480 1144 haec
512 1085 677 1160 dicit,
722 1085 916 1145 exiluit
958 1085 1218 1145 cathedra
1249 1085 1604 1164 adversoque
1637 1088 1834 1163 parieti
1866 1096 2032 1164 caput
2060 1088 2140 1144 in·
2160 1092 2224 1145 12

63 1165 68 1170 ’
164 1171 322 1244 genti
349 1170 562 1247 impetu
591 1170 826 1247 impegit
855 1178 912 1228 et
942 1172 1169 1229 corruit.
1209 1169 1459 1229 Focilata
1482 1171 1772 1229 ‘dixeram'
1799 1169 1988 1247 inquid
2018 1176 2142 1230 ‘vo-

167 1253 252 1310 his
283 1255 628 1312 inventuram
654 1270 744 1312 me
786 1252 1090 1331 quamlibet
1130 1253 1319 1314 duram
1348 1253 1419 1313 ad
1456 1263 1693 1313 mortem
1732 1256 1905 1328 viam,
1949 1259 1998 1313 si
2036 1271 2142 1312 vos

166 1334 397 1394 facilem
427 1339 791 1414 negassem!
847 1337 1191 1396 Videnturne
1232 1337 1376 1397 haec
1416 1338 1517 1397 tibi
1555 1339 1766 1397 maiora
1793 1335 1891 1396 illo
1922 1334 2139 1413 ePaete,
2162 1345 2227 1396 13

164 1436 275 1479 non
319 1419 535 1496 dolet'‚
580 1420 649 1480 ad
692 1421 844 1500 quod
885 1438 990 1499 per
1027 1420 1169 1480 haec
1215 1431 1545 1498 perventum
1588 1418 1716 1480 est?
1760 1439 1886 1482 cum
1925 1423 2143 1481 interim

94 1508 150 1559 15
167 1502 304 1562 illud
332 1504 559 1582 quidem
587 1506 785 1582 ingens
816 1505 982 1580 fama,
1013 1504 1154 1564 haec
1183 1504 1335 1564 nulla
1358 1505 1697 1568 circumfert.
1731 1504 1891 1565 Unde
1925 1504 2143 1582 colligi-

164 1596 251 1646 tur
279 1588 432 1665 quod
461 1590 614 1648 initio
643 1588 778 1666 dixi,
808 1587 913 1648 alia
936 1605 1068 1648 esse
1101 1588 1338 1649 clariora
1365 1588 1471 1648 alia
1499 1592 1724 1648 maiora.
1788 1588 1945 1648 Vale.

1071 1720 1247 1783 XVII.

584 1823 637 1875 c.
672 1822 917 1875 PLmqu
945 1822 1112 1873 IULIO
1146 1821 1469 1873 SEvaANo
1508 1822 1625 1873 suo
1661 1821 1711 1871 s.

90 1935 150 1988 20
285 1927 544 1987 Rectene
587 1928 797 2003 omnia,
846 1930 996 2005 quod
1024 1933 1130 2001 iam
1160 1929 1375 2007 pridem
1407 1928 1684 2006 epistulae
1716 1940 1844 1989 tuae
1878 1925 2142 1987 cessant?
2164 1936 2193 1984 l

27 2014 28 2017 ’
162 2029 229 2069 an
274 2013 456 2070 omnia
496 2020 687 2086 recte,
731 2011 835 2070 sed
876 2022 1186 2093 occupatus
1231 2031 1296 2072 es
1338 2010 1438 2072 tu?
1478 2023 1638 2073 antu
1666 2029 1778 2072 non
1807 2021 2138 2088 occupatus,

162 2093 265 2153 sed
309 2097 541 2154 occasio
582 2094 864 2154 scribendi
906 2097 999 2157 vel
1040 2116 1163 2157 rara
1202 2097 1296 2156 vel
1339 2095 1532 2156 nulla?
1583 2096 1780 2156 Exime
1824 2096 1970 2155 hunc
2012 2095 2193 2154 mihi2

162 2178 522 2258 scrupulum,
568 2180 657 2237 cui
700 2195 801 2257 par
841 2198 975 2240 esse
1012 2198 1123 2240 non
1165 2199 1430 2260 possum,
1475 2184 1656 2241 exime
1681 2191 1867 2241 autem
1897 2177 1990 2238 vel
2020 2179 2144 2239 data

162 2278 337 2340 opera
378 2261 672 2321 tabellario
713 2264 915 2322 misso:
967 2283 1080 2343 ego
1131 2267 1426 2341 viaticum,
1478 2283 1591 2343 ego
1632 2267 1797 2326 etiam
1840 2265 2144 2344 praemium

89 2351 144 2403 25
162 2346 328 2422 dabo,
341 2350 556 2408 nuntiet
578 2348 708 2407 mihi
732 2348 900 2408 modo
925 2350 1076 2427 quod
1097 2359 1256 2428 opto·
1272 2350 1404 2429 Ipse
1426 2350 1613 2426 vale0‚
1631 2353 1679 2411 si
1701 2350 1893 2409 valere
1918 2360 2008 2410 est
2023 2367 2143 2407 sus·
2162 2352 2195 2406 3

160 2448 399 2509 pensum
431 2438 489 2488 et
516 2431 734 2487 anxium
762 2432 977 2506 vivere,
1013 2442 1439 2510 exspectantem
1466 2434 1522 2491 in
1552 2434 1717 2492 horas
1747 2435 2144 2509 timentemque

159 2531 262 2592 pro
295 2516 484 2593 capite
512 2515 845 2572 amicissimo
877 2515 1142 2593 quidquid
1173 2515 1438 2576 accidere
1469 2516 1673 2576 homini
1705 2523 1912 2595 potest.
1979 2514 2140 2574 Vale.

1042 2648 1248 2711 XVIII.

87 2773 145 2826 30
609 2749 664 2804 c,
702 2749 949 2801 PL1N1Us
983 2750 1171 2802 cumo
1208 2749 1457 2801 SEVERO
1491 2748 1610 2801 Suo
1643 2746 1694 2798 s,

281 2851 544 2912 Officium
589 2854 911 2915 consulatus
954 2856 1184 2914 iniunxit
1225 2855 1359 2914 mihi
1398 2864 1458 2914 ut
1500 2855 1583 2914 rei
1614 2851 1874 2932 publicae
1917 2854 2142 2912 nomine
2163 2863 2193 2914 l

158 2938 400 3013 principi
428 2938 633 3013 gratias
663 2942 909 3015 agerem.
972 2937 1136 3011 Quod
1167 2955 1280 3016 ego
1309 2940 1365 2997 in
1394 2948 1591 2998 senatu
1620 2954 1746 2996 cum
1774 2936 1845 2996 ad
1871 2937 2144 2996 rationem

157 3028 213 3078 et
243 3020 360 3080 loci
390 3029 449 3079 et
477 3024 752 3099 temporis
782 3041 854 3081 ex
892 3039 1048 3082 more
1079 3022 1382 3098 fecissem,
1414 3022 1563 3080 bono
1593 3023 1701 3080 civi
1733 3022 2145 3080 convenientis·

157 3106 356 3163 simum
403 3103 615 3163 credidi
657 3105 855 3166 eadem
895 3104 987 3166 illa
1029 3108 1333 3185 spatiosius
1364 3114 1422 3164 et
1461 3105 1689 3163 uberius
1718 3103 2000 3164 volumine
2030 3122 2143 3162 am-

26 3184 32 3229 Γ
85 3187 363 3265 35plecti3
396 3190 666 3267 primum,
699 3198 759 3248 ut
784 3192 1104 3268 imperatori
1135 3199 1326 3248 nostro
1355 3190 1588 3248 virtutes
1620 3205 1755 3247 suae
1786 3190 1938 3248 veris
1969 3187 2141 3247 laudi·
2160 3197 2193 3247 2

157 3271 260 3330 bus
290 3272 846 3350 commendarentur,
892 3272 1094 3333 deinde
1113 3319 1130 3348 ‚
1174 3281 1234 3331 ut
1264 3272 1431 3331 futuri
1463 3273 1751 3350 principes
1781 3289 1895 3331 non
1926 3274 2144 3348 quasia

156 3358 446 3433 magistro,
478 3356 582 3416 sed
606 3367 792 3418 tamen
820 3356 924 3415 sub
956 3356 1219 3435 exemplo
1253 3364 1749 3435 praemonerentur
1777 3374 1883 3433 qua
1912 3356 2142 3433 potissi-

158 3456 301 3499 mum
342 3442 433 3502 via
475 3451 712 3520 possent
753 3439 821 3501 ad
863 3440 1096 3500 eandem
1149 3439 1384 3517 gloriam
1427 3441 1541 3499 niti.
1612 3437 1754 3497 Nam
1806 3441 2194 3516 praecipere3
