2467 3850
567 188 1102 253 nmsrunsaun
1150 200 1425 257 17.-21.
1454 195 1781 275 [sa—32]
2034 197 2159 261 205

178 344 237 404 in
266 345 414 404 omni
444 322 735 424 provincia
763 347 1117 408 inveniuntur
1144 348 1349 424 quibus
1382 348 1539 409 credi
1562 351 1765 427 possit,
1801 358 1860 410 et
1885 349 2016 411 ideo
2049 369 2160 412 non

181 427 421 490 deerunt
448 429 572 507 tibi,
602 429 771 491 modo
797 431 944 493 velis
973 430 1276 509 diligenter
1309 440 1598 493 excutere.
1645 442 1653 453 '

920 564 1155 627 xvnn.
1198 565 1423 644 [xxx]

128 703 164 756 5
616 663 669 713 C.
705 664 954 717 PLINIUS
989 666 1277 717 TRAIANO
1314 665 1720 718 IMPERATORI.

304 764 504 844 Rogo,
547 765 802 846 domine,
842 767 1081 828 consilio
1115 786 1207 828 me
1248 784 1416 846 regas
1456 768 1822 830 haesitantem
1851 781 2031 833 utrum
2058 791 2163 853 per
2182 790 2212 841 1

180 848 444 928 publicos
474 850 756 911 civitatum
795 868 1032 929 servos,
1065 851 1217 930 quod
1247 869 1428 932 usque
1460 852 1641 913 adhuc
1675 855 1917 933 factum,
1961 875 2030 917 an
2058 876 2163 938 per

179 932 389 994 milites
427 932 726 994 adservare
765 935 1050 996 custodias
1094 935 1346 997 debeam.
1406 935 1627 997 Vereor
1667 941 1812 998 enim
1852 959 1925 1000 ne
1969 950 2027 1001 et
2056 959 2163 1020 per

183 1034 386 1079 servos
428 1017 691 1096 publicos
733 1037 925 1098 parum
965 1018 1211 1080 fideliter
1250 1019 1633 1081 custodiantur
1672 1031 1731 1082 et
1756 1041 1867 1083 non
1898 1026 2162 1103 exiguum

95 1115 169 1168 10
183 1101 418 1161 militum
444 1119 732 1162 numerum
761 1103 904 1164 haec
935 1122 1069 1164 cura
1095 1102 1404 1184 distringat.
1448 1103 1675 1166 Interim
1705 1107 1949 1184 publicis
1979 1113 2159 1171 servis
2181 1125 2216 1176 2

182 1203 399 1265 paucos
423 1185 629 1246 milites
650 1186 851 1247 addidi.
894 1186 1075 1248 Video
1109 1197 1292 1249 tamen
1312 1188 1628 1268 periculum
1652 1209 1785 1251 esse
1809 1210 1881 1253 ne
1905 1192 1961 1252 id
1980 1196 2163 1272 ipsum

183 1273 437 1349 utrisque
458 1268 856 1349 neglegentiae
891 1289 1058 1333 causa
1086 1274 1188 1348 sit,
1231 1272 1361 1333 dum
1395 1290 1743 1336 communem
1775 1275 1997 1356 culpam
2023 1278 2082 1338 hi
2109 1281 2165 1338 in

181 1352 338 1430 illos,
371 1353 452 1413 illi
478 1355 534 1413 in
558 1353 664 1416 hos
695 1373 969 1433 regerere
997 1374 1173 1435 posse
1206 1357 1507 1418 confidunt.

0 1520 1 1523 κ
99 1538 167 1590 15
971 1491 1097 1552 xx.
1145 1489 1396 1571 [xxxi]

848 1591 1171 1642 TRAIANUS
1200 1591 1413 1642 PLINIO
1449 1590 1501 1641 S.

310 1688 461 1752 Nihil
501 1708 646 1772 opus
677 1702 787 1769 est,
817 1693 892 1751 mi
922 1691 1184 1752 Secunde
1216 1692 1538 1768 carissime,
1570 1691 1638 1752 ad
1670 1696 2032 1757 continendas
2070 1716 2165 1757 cu-

185 1775 399 1836 stodias
450 1774 643 1854 plures
695 1777 1106 1837 commilitones
1157 1777 1431 1835 converti.
1512 1775 1949 1840 Perseveremus
1993 1782 2049 1839 in
2098 1801 2166 1841 ea

187 1859 593 1921 consuetudine
623 1878 765 1939 quae
798 1862 893 1921 isti
923 1862 1248 1940 provinciae
1276 1868 1397 1938 est,
1440 1868 1502 1919 ut
1542 1878 1646 1940 per
1673 1860 1937 1941 publicos
1965 1881 2166 1926 servos

99 1950 172 2004 20
190 1943 586 2005 custodiantur.
652 1945 877 2006 Etenim
905 1953 967 2005 ut
1003 1943 1246 2006 fideliter
1283 1944 1395 2006 hoc
1424 1943 1629 2005 faciant
1654 1947 1711 2005 in
1739 1955 1832 2005 tua
1862 1949 2167 2008 severitate

186 2046 255 2089 ac
285 2028 571 2108 diligentia
598 2033 840 2109 positum
869 2038 974 2090 est.
1018 2029 1082 2089 ln
1113 2031 1306 2107 primis
1331 2029 1499 2106 enim,
1533 2030 1680 2090 sicut
1707 2031 1933 2108 scribis,
1963 2048 2167 2091 veren-

187 2114 317 2175 dum
347 2124 438 2175 est
475 2134 580 2193 ne,
624 2118 673 2177 si
707 2116 1152 2193 permisceantur
1190 2115 1373 2174 servis
1420 2112 1664 2191 publicis
1704 2113 1941 2193 milites,
1984 2121 2168 2175 mutua

185 2199 334 2259 inter
363 2216 427 2259 se
457 2200 656 2261 fiducia
676 2198 1139 2277 neglegentiores
1169 2200 1312 2258 sint:
1341 2197 1446 2259 sed
1470 2206 1530 2258 et
1558 2196 1697 2257 illud
1722 2197 1952 2261 haereat
1980 2199 2166 2275 nobis,

186 2300 354 2361 quam
379 2285 754 2363 paucissimos
783 2284 990 2345 milites
1017 2301 1053 2345 a
1074 2285 1255 2361 signis
1280 2281 1597 2343 avocandos
1632 2301 1787 2343 esse.

100 2377 171 2428 ²⁰
942 2417 1095 2480 xxl.
1144 2416 1425 2498 [xxan

623 2516 676 2567 C.
702 2515 961 2569 PLINIUS
995 2516 1281 2568 TRAIANO
1312 2517 1729 2572 IMPERATORI.

311 2616 516 2679 Gabios
543 2618 774 2696 Bassus,
804 2618 1130 2698 praefectus
1151 2636 1285 2679 orae
1307 2620 1599 2699 Ponticae,
1630 2630 1688 2681 et
1707 2621 2165 2680 reverentissime

190 2712 251 2763 et
282 2701 733 2778 officiosissime,
763 2701 1022 2778 domine,
1053 2703 1209 2763 venit
1233 2703 1304 2762 ad
1332 2721 1423 2763 me
1467 2714 1526 2763 et
1567 2703 1932 2782 conpluribus
1967 2703 2167 2762 diebus

102 2786 297 2851 aufuit
321 2802 569 2854 mecum;
610 2794 874 2862 quantum
899 2788 1235 2866 perspicere
1266 2789 1462 2865 potui,
1490 2789 1577 2847 vir
1604 2789 1874 2863 egregius
1906 2795 1966 2845 et
1991 2784 2167 2843 indul-

188 2870 382 2948 gentia
407 2880 503 2931 tua
534 2869 756 2947 dignus.
818 2867 925 2929 Cui
964 2887 1076 2947 ego
1108 2878 1300 2929 notum
1339 2870 1456 2931 feci
1500 2873 1869 2949 praecepisse
1909 2877 1966 2928 te
2004 2877 2064 2928 ut
2098 2887 2169 2928 ex

191 2953 519 3015 cohortibus
551 2954 754 3032 quibus
780 2969 869 3012 me
908 2970 1182 3031 praeesse
1216 2953 1447 3015 voluisti
1483 2962 1775 3013 contentus
1811 2961 1967 3013 esset
1993 2953 2165 3013 bene-

191 3038 416 3098 ficiariis
443 3036 675 3119 decem,
707 3037 991 3117 equitibus
1021 3036 1273 3115 duobus,
1316 3040 1645 3098 centurione
1668 3053 1796 3096 uno.
1855 3035 2167 3116 Respondit

190 3138 304 3181 non
342 3122 608 3183 sufficere
660 3122 768 3182 sibi
814 3122 963 3182 hunc
1017 3139 1305 3181 numerum
1344 3121 1512 3200 idque
1559 3140 1624 3182 se
1666 3123 1998 3200 scripturum
2047 3121 2166 3181 tibi.

3 3263 7 3272 .
105 3204 317 3270 35Hoc
346 3208 402 3267 in
432 3225 601 3268 causa
634 3206 737 3267 fuit
777 3223 890 3285 quo
927 3208 1108 3269 minus
1146 3209 1335 3268 statim
1362 3205 1713 3268 revocandos
1746 3215 1999 3285 putarem
2024 3223 2168 3284 quos

195 3290 367 3351 habet
393 3309 562 3371 supra
592 3309 898 3353 numerum.
