2467 3850
667 192 1189 257 EPISTULARUM
1219 193 1346 255 VII.
1390 206 1476 259 10.
1505 205 1594 260 11.
2009 193 2133 259 139

1090 346 1164 407 Χ.
1235 379 1247 387 ψ

680 445 734 501 C.
772 444 1022 497 PLINIUS
1054 444 1344 496 MACRINO
1381 443 1502 496 SUO
1539 443 1593 499 S.

115 634 119 638 ,
268 564 413 639 Quia
453 566 614 643 ipse,
668 582 796 625 cum
837 567 1016 644 prima
1054 565 1331 641 cognovi,
1382 565 1618 642 iungere
1671 573 1920 643 extrema
1969 566 2128 642 quasi
2145 580 2172 630 1

141 649 337 710 avulsa
366 645 533 728 cupio
552 694 569 725 ‚
616 658 674 709 te
707 666 933 727 quoque
966 651 1224 709 existimo
1253 647 1406 707 velle
1436 648 1508 709 de
1536 648 1759 708 Vareno
1789 658 1846 708 et
1873 646 2128 722 Bithynis

95 739 124 790 5
140 733 363 811 reliqua
392 749 768 810 cognoscere.
805 733 953 793 Acta
975 750 1144 793 causa
1162 732 1294 792 hinc
1312 749 1344 790 a
1366 729 1673 809 Polyaeno,
1699 731 1825 792 inde
1848 750 1882 791 a
1901 729 2124 808 Magno.

140 815 343 877 Finitis
388 816 703 876 actionibus
740 813 951 877 Caesar
991 820 1232 876 ‘neutra'
1277 817 1469 894 inquid
1513 821 1667 895 ‘pars
1698 816 1769 876 de
1807 832 1961 875 mora
1992 828 2180 893 que-2

140 911 326 960 retur:
371 901 478 960 erit
510 899 646 959 mihi
690 917 856 959 curae
887 898 1184 980 explorare
1208 902 1535 979 provinciae
1556 898 1945 960 voluntatem?
1985 897 2127 958 Mul·
2147 913 2182 964 3

140 993 260 1043 tum
286 985 507 1043 interim
534 982 789 1062 Varenus
819 980 962 1042 tulit.
1009 982 1234 1044 Etenim
1263 1002 1428 1062 quam
1458 984 1684 1043 dubium
1712 992 1801 1043 est
1830 1001 1899 1042 an
1929 985 2128 1043 merito

140 1077 447 1128 accusetur
469 1068 564 1145 qui
590 1084 659 1126 an
694 1069 915 1128 omnino
944 1077 1248 1127 accusetur
1274 1069 1547 1128 incertum
1577 1063 1710 1128 est?
1754 1067 2029 1145 Superest
2059 1085 2131 1126 ne

69 1163 129 1214 10
140 1169 337 1211 rursus
368 1152 692 1230 provinciae
736 1150 887 1229 quod
918 1151 1207 1211 damnasse
1252 1150 1452 1211 dicitur
1481 1148 1702 1232 placeat
1731 1160 1972 1229 agatque
1996 1168 2130 1229 pac·

139 1235 428 1295 nitentiam
462 1236 836 1315 paenitentiae
865 1252 1018 1295 suae.
1078 1234 1241 1295 Vale.

1081 1385 1183 1447 xl.

501 1482 556 1535 C.
588 1482 838 1537 PLINIUS
864 1485 1120 1537 FABATO
1157 1484 1528 1536 PROSOCERO
1561 1483 1679 1536 SUO
1716 1483 1769 1538 S.

17 1611 18 1618 ’
71 1627 131 1678 15
261 1600 480 1663 Miraris
520 1602 675 1680 quod
715 1602 988 1681 Hermes,
1030 1603 1269 1664 libertus
1312 1622 1507 1681 meus,
1550 1603 1921 1664 hereditarios
1961 1616 2178 1680 agrosl
2281 1640 2283 1642 ·

146 1705 292 1767 quos
324 1704 437 1763 ego
470 1689 744 1747 iusseram
772 1689 1054 1766 proscribi
1082 1705 1196 1746 non
1223 1697 1558 1766 exspectata
1583 1690 1844 1747 auctione
1866 1704 1971 1766 pro
1999 1703 2129 1746 meo

145 1773 464 1850 quincunce
495 1789 569 1830 ex
595 1774 970 1849 septingentis
1008 1771 1235 1829 milibus
1269 1769 1550 1831 Corelliae
1584 1770 1875 1831 addixerit.
1935 1769 2129 1829 Adicis

144 1855 250 1916 hos
291 1857 592 1932 nongentis
619 1855 844 1915 milibus
875 1872 1051 1935 posse
1086 1856 1284 1914 venire
1316 1874 1384 1915 ac
1415 1864 1567 1914 tanto
1595 1857 1772 1932 magis
1808 1854 2031 1933 quaeris
2059 1871 2128 1912 an

145 1939 299 2019 quod
328 1941 514 2016 gessit
537 1948 714 1999 ratum
739 1958 980 2001 servem.
1024 1938 1152 2018 Ego
1182 1956 1323 1999 vero
1352 1956 1551 2000 servo:
1588 1940 1791 2018 quibus
1819 1957 1892 1998 ex
1923 1938 2129 2013 causiS‚
2149 1948 2182 1998 2

65 2026 366 2102 20accipe.
414 2021 595 2102 Cupio
630 2025 777 2083 enim
807 2035 865 2084 et
891 2024 993 2083 tibi
1026 2024 1320 2101 probatum
1355 2033 1412 2083 et
1446 2022 1823 2083 coheredibus
1856 2023 1996 2082 meis
2032 2038 2129 2080 ex·

51 2124 57 2132 “
146 2117 401 2169 casatum
430 2125 563 2168 esse
595 2108 748 2184 quod
784 2125 875 2168 me
920 2108 990 2167 ab
1018 2107 1129 2167 illis
1159 2109 1369 2167 maiore
1394 2107 1586 2167 officio
1608 2108 1836 2167 iubente
1865 2120 2126 2166 secerno.

146 2189 451 2251 Corelliam
486 2209 612 2250 cum
643 2209 855 2251 summa
881 2193 1199 2251 reverentia
1241 2191 1451 2269 diligo,
1499 2193 1734 2270 primum
1777 2200 1838 2250 ut
1878 2196 2183 2250 θοι-01111113

145 2272 364 2335 Corelli
409 2272 567 2350 Rufi,
612 2277 772 2335 cuius
800 2274 932 2335 mihi
959 2277 1226 2335 memoria
1264 2284 1622 2336 sacrosancta
1661 2285 1785 2353 est,
1829 2272 2032 2334 deinde
2070 2282 2132 2331 ut

143 2360 305 2417 matri
349 2375 509 2417 meae
548 2359 1045 2419 familiarissimam.
1107 2361 1249 2419 Sunt
1290 2359 1423 2419 mihi
1467 2369 1525 2419 et
1576 2378 1701 2419 cum
1739 2361 1937 2418 marito
1982 2359 2180 2432 eiuS,4

17 2454 18 2459 ’
67 2453 128 2505 25
143 2441 374 2502 Minicio
414 2440 603 2519 Iusto,
656 2444 868 2521 optimo
896 2446 1054 2520 viro,
1106 2456 1305 2503 vetera
1331 2445 1476 2512 iura;
1525 2443 1749 2505 fuerunt
1772 2452 1830 2503 et
1860 2460 1985 2502 cum
2015 2440 2131 2499 filio

143 2528 416 2602 maxima,
459 2525 602 2585 adeo
645 2527 870 2604 quidem
910 2536 972 2586 ut
1001 2536 1268 2605 praetore
1295 2545 1385 2587 me
1414 2527 1562 2587 ludis
1592 2530 1731 2588 meis
1763 2525 2131 2604 praesederit.

141 2608 325 2687 Haec,
364 2627 491 2668 cum
520 2612 771 2687 proxime
805 2610 935 2670 istic
965 2611 1082 2688 fui,
1126 2611 1389 2671 indicavit
1418 2611 1549 2670 mihi
1581 2629 1793 2689 cupere
1826 2628 1891 2669 se
1922 2607 2174 2684 aliquid5

144 2696 300 2754 circa
348 2691 564 2752 Larium
607 2704 857 2766 nostrum
897 2694 1218 2771 possidere.
1283 2694 1412 2771 Ego
1450 2695 1532 2753 illi
1583 2713 1656 2753 ex
1695 2692 1942 2772 praediis
1988 2692 2130 2749 meis

144 2777 299 2855 quod
323 2773 501 2837 vellet
528 2785 587 2838 et
615 2780 803 2856 quanti
831 2778 1010 2838 vellet
1041 2778 1239 2854 obtuli,
1276 2780 1537 2857 exceptis
1567 2777 1828 2837 maternis
1856 2776 2129 2854 paternis·

17 2908 26 2914 .
65 2874 129 2927 30
144 2879 288 2940 que:
341 2859 431 2921 his
472 2863 621 2920 enim
664 2861 873 2929 cedere
922 2881 996 2922 ne
1042 2860 1327 2922 Corelliae
1374 2860 1599 2939 quidem
1639 2876 1891 2939 possum.
1957 2856 2183 2934 Igitur6

144 2962 275 3004 cum
316 2944 645 3006 obvenisset
682 2946 812 3005 mihi
854 2945 1141 3006 hereditas
1184 2948 1240 3004 in
1278 2964 1388 3022 qua
1422 2944 1650 3023 praedia
1678 2946 1804 3018 ista,
1835 2943 2039 3020 scripsi
2076 2942 2131 3001 ei

142 3027 368 3088 venalia
399 3029 601 3088 futura.
664 3029 778 3089 Has
805 3029 1077 3109 epistulas
1111 3027 1349 3089 Hermes
1389 3027 1512 3087 tulit
1541 3028 1905 3104 exigentique
1931 3034 1993 3084 ut
2022 3036 2132 3086 sta-

143 3114 246 3170 tim
274 3114 595 3190 portionem
635 3131 813 3174 meam
855 3114 963 3174 sibi
993 3112 1282 3172 addiceret
1311 3113 1511 3189 paruit.
1559 3110 1733 3171 Vides
1762 3128 1925 3188 quam
1957 3120 2134 3170 ratum

140 3195 355 3256 habere
385 3194 625 3256 debeam
653 3196 805 3275 quod
832 3197 1070 3256 libertus
1108 3214 1269 3256 meus
1303 3197 1444 3255 meis
1482 3195 1730 3254 moribus
1760 3190 1982 3271 gessit?
2026 3194 2177 3255 Su-‘l

17 3284 20 3335 l
62 3288 127 3342 35
140 3288 343 3358 perest
385 3290 446 3338 ut
483 3279 799 3341 coheredes
838 3297 1024 3358 aequo
1062 3281 1244 3339 animo
1275 3278 1457 3341 ferant
1490 3282 1789 3357 separatim
1816 3296 1905 3338 me
1937 3278 2133 3337 vendi-

144 3364 302 3425 disse
334 3363 487 3441 quod
515 3364 651 3423 mihi
681 3364 840 3424 licuit
862 3366 1085 3423 omnino
1114 3380 1227 3422 non
1257 3361 1526 3424 vendere.
1588 3362 1712 3423 Nec
1749 3379 1890 3422 vero
1922 3379 2134 3438 cogun-

145 3456 239 3509 tur
269 3448 472 3510 imitari
510 3465 695 3508 meum
740 3446 1079 3527 exemplum.
1141 3446 1267 3508 Non
1311 3450 1460 3509 enim
1498 3447 1613 3509 illis
1643 3447 1838 3508 eadem
1870 3462 1992 3506 cum
2024 3443 2186 3504 Co-8
