<?xml version="1.0" encoding="UTF-8"?>
<!DOCTYPE html PUBLIC "-//W3C//DTD XHTML 1.0 Transitional//EN"
    "http://www.w3.org/TR/xhtml1/DTD/xhtml1-transitional.dtd">
<html xmlns="http://www.w3.org/1999/xhtml" xml:lang="en" lang="en">
 <head>
  <title>
</title>
<meta http-equiv="Content-Type" content="text/html;charset=utf-8" />
  <meta name='ocr-system' content='tesseract 3.04.00' />
  <meta name='ocr-capabilities' content='ocr_page ocr_carea ocr_par ocr_line ocrx_word'/>
</head>
<body>
  <div class='ocr_page' id='page_1' title='image "./cplinicaecilise00unkngoog_0045.png"; bbox 0 0 2467 3850; ppageno 0'>
   <div class='ocr_carea' id='block_1_1' title="bbox 786 184 2132 251">
    <p class='ocr_par' dir='ltr' id='par_1_1' title="bbox 786 184 2132 251">
     <span class='ocr_line' id='line_1_1' title="bbox 786 184 2132 251; baseline 0.003 -4"><span class='ocrx_word' id='word_1_1' title='bbox 786 184 1305 248; x_wconf 80' lang='lat' dir='ltr'><strong>EPISTULARUM</strong></span> <span class='ocrx_word' id='word_1_2' title='bbox 1332 186 1375 248; x_wconf 93' lang='lat'><strong>1.</strong></span> <span class='ocrx_word' id='word_1_3' title='bbox 1414 198 1500 251; x_wconf 81' lang='lat'><strong>21.</strong></span> <span class='ocrx_word' id='word_1_4' title='bbox 2052 187 2132 251; x_wconf 88' lang='grc'><strong>19</strong></span> 
     </span>
    </p>
   </div>
   <div class='ocr_carea' id='block_1_2' title="bbox 40 338 2229 2597">
    <p class='ocr_par' dir='ltr' id='par_1_2' title="bbox 40 338 2229 2597">
     <span class='ocr_line' id='line_1_2' title="bbox 155 338 2133 418; baseline -0.001 -17"><span class='ocrx_word' id='word_1_5' title='bbox 155 339 279 402; x_wconf 87' lang='lat' dir='ltr'><strong>Non</strong></span> <span class='ocrx_word' id='word_1_6' title='bbox 308 340 460 400; x_wconf 89' lang='lat' dir='ltr'><strong>enim</strong></span> <span class='ocrx_word' id='word_1_7' title='bbox 498 348 775 418; x_wconf 86' lang='lat' dir='ltr'><strong>amputata</strong></span> <span class='ocrx_word' id='word_1_8' title='bbox 814 340 991 399; x_wconf 89' lang='lat' dir='ltr'><strong>oratio</strong></span> <span class='ocrx_word' id='word_1_9' title='bbox 1029 348 1086 398; x_wconf 90' lang='lat' dir='ltr'><strong>et</strong></span> <span class='ocrx_word' id='word_1_10' title='bbox 1122 340 1344 400; x_wconf 87' lang='lat' dir='ltr'><strong>abscisa</strong></span> <span class='ocrx_word' id='word_1_11' title='bbox 1383 338 1487 399; x_wconf 89' lang='lat' dir='ltr'><strong>sed</strong></span> <span class='ocrx_word' id='word_1_12' title='bbox 1515 339 1625 400; x_wconf 88' lang='lat' dir='ltr'><strong>lata</strong></span> <span class='ocrx_word' id='word_1_13' title='bbox 1659 346 1720 398; x_wconf 87' lang='lat' dir='ltr'><strong>et</strong></span> <span class='ocrx_word' id='word_1_14' title='bbox 1759 340 2048 417; x_wconf 85' lang='lat' dir='ltr'><strong>magnifica</strong></span> <span class='ocrx_word' id='word_1_15' title='bbox 2075 350 2133 400; x_wconf 88' lang='lat' dir='ltr'><strong>et</strong></span> 
     </span>
     <span class='ocr_line' id='line_1_3' title="bbox 157 423 2130 501; baseline -0.001 -16"><span class='ocrx_word' id='word_1_16' title='bbox 157 423 391 486; x_wconf 86' lang='lat' dir='ltr'><strong>excelsa</strong></span> <span class='ocrx_word' id='word_1_17' title='bbox 430 434 616 501; x_wconf 86' lang='lat' dir='ltr'><strong>tonat,</strong></span> <span class='ocrx_word' id='word_1_18' title='bbox 655 423 935 500; x_wconf 87' lang='lat' dir='ltr'><strong>fulgurat,</strong></span> <span class='ocrx_word' id='word_1_19' title='bbox 978 424 1158 483; x_wconf 91' lang='lat' dir='ltr'><strong>omnia</strong></span> <span class='ocrx_word' id='word_1_20' title='bbox 1203 424 1443 501; x_wconf 86' lang='lat' dir='ltr'><strong>denique</strong></span> <span class='ocrx_word' id='word_1_21' title='bbox 1481 423 1770 501; x_wconf 88' lang='lat' dir='ltr'><strong>perturbat</strong></span> <span class='ocrx_word' id='word_1_22' title='bbox 1809 440 1875 482; x_wconf 91' lang='lat' dir='ltr'><strong>ac</strong></span> <span class='ocrx_word' id='word_1_23' title='bbox 1912 424 2130 484; x_wconf 88' lang='lat' dir='ltr'><strong>miscet.</strong></span> 
     </span>
     <span class='ocr_line' id='line_1_4' title="bbox 159 503 2217 587; baseline 0.001 -17"><span class='ocrx_word' id='word_1_24' title='bbox 159 508 416 587; x_wconf 81' lang='lat' dir='ltr'><strong>Optimus</strong></span> <span class='ocrx_word' id='word_1_25' title='bbox 453 518 639 568; x_wconf 89' lang='lat' dir='ltr'><strong>tamen</strong></span> <span class='ocrx_word' id='word_1_26' title='bbox 684 507 882 568; x_wconf 90' lang='lat' dir='ltr'><strong>modus</strong></span> <span class='ocrx_word' id='word_1_27' title='bbox 921 515 1026 567; x_wconf 91' lang='lat' dir='ltr'><strong>est.</strong></span> <span class='ocrx_word' id='word_1_28' title='bbox 1102 504 1243 579; x_wconf 84' lang='lat' dir='ltr'><strong>Quis</strong></span> <span class='ocrx_word' id='word_1_29' title='bbox 1281 503 1491 583; x_wconf 80' lang='lat' dir='ltr'><strong>negat?</strong></span> <span class='ocrx_word' id='word_1_30' title='bbox 1539 507 1642 567; x_wconf 89' lang='lat' dir='ltr'><strong>sed</strong></span> <span class='ocrx_word' id='word_1_31' title='bbox 1680 522 1791 565; x_wconf 89' lang='lat' dir='ltr'><strong>non</strong></span> <span class='ocrx_word' id='word_1_32' title='bbox 1817 508 1993 568; x_wconf 91' lang='lat' dir='ltr'><strong>minus</strong></span> <span class='ocrx_word' id='word_1_33' title='bbox 2021 525 2133 567; x_wconf 87' lang='lat' dir='ltr'><strong>non</strong></span> <span class='ocrx_word' id='word_1_34' title='bbox 2148 519 2217 572; x_wconf 88' lang='grc'><strong>20</strong></span> 
     </span>
     <span class='ocr_line' id='line_1_5' title="bbox 158 590 2134 670; baseline -0.001 -17"><span class='ocrx_word' id='word_1_35' title='bbox 158 603 346 654; x_wconf 85' lang='lat' dir='ltr'><strong>servat</strong></span> <span class='ocrx_word' id='word_1_36' title='bbox 388 590 612 651; x_wconf 89' lang='lat' dir='ltr'><strong>modum</strong></span> <span class='ocrx_word' id='word_1_37' title='bbox 657 592 752 670; x_wconf 89' lang='lat' dir='ltr'><strong>qui</strong></span> <span class='ocrx_word' id='word_1_38' title='bbox 788 590 932 650; x_wconf 85' lang='lat' dir='ltr'><strong>infra</strong></span> <span class='ocrx_word' id='word_1_39' title='bbox 967 607 1089 649; x_wconf 89' lang='lat' dir='ltr'><strong>rem</strong></span> <span class='ocrx_word' id='word_1_40' title='bbox 1126 608 1290 669; x_wconf 88' lang='lat' dir='ltr'><strong>quam</strong></span> <span class='ocrx_word' id='word_1_41' title='bbox 1318 592 1413 670; x_wconf 85' lang='lat' dir='ltr'><strong>qui</strong></span> <span class='ocrx_word' id='word_1_42' title='bbox 1441 608 1643 669; x_wconf 87' lang='lat' dir='ltr'><strong>supra,</strong></span> <span class='ocrx_word' id='word_1_43' title='bbox 1698 591 1791 669; x_wconf 92' lang='lat' dir='ltr'><strong>qui</strong></span> <span class='ocrx_word' id='word_1_44' title='bbox 1818 590 2134 651; x_wconf 82' lang='lat' dir='ltr'><strong>adstrictius</strong></span> 
     </span>
     <span class='ocr_line' id='line_1_6' title="bbox 115 671 2216 755; baseline 0.002 -21"><span class='ocrx_word' id='word_1_45' title='bbox 115 684 323 755; x_wconf 83' lang='lat' dir='ltr'><strong>5quam</strong></span> <span class='ocrx_word' id='word_1_46' title='bbox 356 677 452 753; x_wconf 88' lang='lat' dir='ltr'><strong>qui</strong></span> <span class='ocrx_word' id='word_1_47' title='bbox 485 676 717 735; x_wconf 82' lang='lat' dir='ltr'><strong>effusius</strong></span> <span class='ocrx_word' id='word_1_48' title='bbox 761 672 911 734; x_wconf 88' lang='lat' dir='ltr'><strong>dicit.</strong></span> <span class='ocrx_word' id='word_1_49' title='bbox 976 671 1175 752; x_wconf 89' lang='lat' dir='ltr'><strong>Itaque</strong></span> <span class='ocrx_word' id='word_1_50' title='bbox 1213 674 1369 734; x_wconf 90' lang='lat' dir='ltr'><strong>audis</strong></span> <span class='ocrx_word' id='word_1_51' title='bbox 1398 674 1728 752; x_wconf 81' lang='lat' dir='ltr'><strong>frequenter</strong></span> <span class='ocrx_word' id='word_1_52' title='bbox 1755 683 1813 734; x_wconf 92' lang='lat' dir='ltr'><strong>ut</strong></span> <span class='ocrx_word' id='word_1_53' title='bbox 1839 673 1978 733; x_wconf 92' lang='lat' dir='ltr'><strong>illud</strong></span> <span class='ocrx_word' id='word_1_54' title='bbox 2010 676 2133 733; x_wconf 69' lang='lat' dir='ltr'><strong>‘im-</strong></span> <span class='ocrx_word' id='word_1_55' title='bbox 2146 685 2216 738; x_wconf 76' lang='lat'><strong>21</strong></span> 
     </span>
     <span class='ocr_line' id='line_1_7' title="bbox 155 757 2134 820; baseline 0.001 -1"><span class='ocrx_word' id='word_1_56' title='bbox 155 759 382 820; x_wconf 90' lang='lat' dir='ltr'><strong>modice</strong></span> <span class='ocrx_word' id='word_1_57' title='bbox 425 766 484 818; x_wconf 89' lang='lat' dir='ltr'><strong>et</strong></span> <span class='ocrx_word' id='word_1_58' title='bbox 525 757 922 818; x_wconf 85' lang='lat' dir='ltr'><strong>redundanter’</strong></span> <span class='ocrx_word' id='word_1_59' title='bbox 953 758 1028 816; x_wconf 90' lang='lat' dir='ltr'><strong>ita</strong></span> <span class='ocrx_word' id='word_1_60' title='bbox 1066 757 1178 818; x_wconf 91' lang='lat' dir='ltr'><strong>hoc</strong></span> <span class='ocrx_word' id='word_1_61' title='bbox 1209 759 1419 818; x_wconf 74' lang='lat' dir='ltr'><strong>‘ieiune</strong></span> <span class='ocrx_word' id='word_1_62' title='bbox 1448 768 1506 818; x_wconf 90' lang='lat' dir='ltr'><strong>et</strong></span> <span class='ocrx_word' id='word_1_63' title='bbox 1534 759 1790 817; x_wconf 85' lang='lat' dir='ltr'><strong>infirme’.</strong></span> <span class='ocrx_word' id='word_1_64' title='bbox 1845 757 2006 819; x_wconf 87' lang='lat' dir='ltr'><strong>Alius</strong></span> <span class='ocrx_word' id='word_1_65' title='bbox 2036 777 2134 820; x_wconf 83' lang='lat' dir='ltr'><strong>ex·</strong></span> 
     </span>
     <span class='ocr_line' id='line_1_8' title="bbox 161 840 2133 920; baseline -0.001 -17"><span class='ocrx_word' id='word_1_66' title='bbox 161 845 415 903; x_wconf 81' lang='lat' dir='ltr'><strong>cessisse</strong></span> <span class='ocrx_word' id='word_1_67' title='bbox 444 844 748 918; x_wconf 81' lang='lat' dir='ltr'><strong>materiam,</strong></span> <span class='ocrx_word' id='word_1_68' title='bbox 777 840 920 902; x_wconf 90' lang='lat' dir='ltr'><strong>alius</strong></span> <span class='ocrx_word' id='word_1_69' title='bbox 951 841 1153 901; x_wconf 86' lang='lat' dir='ltr'><strong>dicitur</strong></span> <span class='ocrx_word' id='word_1_70' title='bbox 1179 858 1293 901; x_wconf 91' lang='lat' dir='ltr'><strong>non</strong></span> <span class='ocrx_word' id='word_1_71' title='bbox 1324 842 1595 920; x_wconf 88' lang='lat' dir='ltr'><strong>inplesse.</strong></span> <span class='ocrx_word' id='word_1_72' title='bbox 1637 841 1842 919; x_wconf 82' lang='lat' dir='ltr'>Aeque</span> <span class='ocrx_word' id='word_1_73' title='bbox 1873 850 2133 919; x_wconf 89' lang='lat' dir='ltr'><strong>uterque,</strong></span> 
     </span>
     <span class='ocr_line' id='line_1_9' title="bbox 159 924 2137 1005; baseline -0.003 -17"><span class='ocrx_word' id='word_1_74' title='bbox 159 926 267 988; x_wconf 90' lang='lat' dir='ltr'><strong>sed</strong></span> <span class='ocrx_word' id='word_1_75' title='bbox 295 925 395 985; x_wconf 85' lang='lat' dir='ltr'><strong>ille</strong></span> <span class='ocrx_word' id='word_1_76' title='bbox 424 924 828 1002; x_wconf 87' lang='lat' dir='ltr'><strong>inbecillitate,</strong></span> <span class='ocrx_word' id='word_1_77' title='bbox 858 925 951 985; x_wconf 89' lang='lat' dir='ltr'><strong>hic</strong></span> <span class='ocrx_word' id='word_1_78' title='bbox 982 924 1448 1005; x_wconf 51' lang='lat' dir='ltr'><strong>viribus=peccat3</strong></span> <span class='ocrx_word' id='word_1_79' title='bbox 1491 924 1642 1004; x_wconf 88' lang='lat' dir='ltr'><strong>quod</strong></span> <span class='ocrx_word' id='word_1_80' title='bbox 1678 934 1857 1002; x_wconf 85' lang='lat' dir='ltr'><strong>certe,</strong></span> <span class='ocrx_word' id='word_1_81' title='bbox 1891 926 1999 985; x_wconf 88' lang='lat' dir='ltr'><strong>etsi</strong></span> <span class='ocrx_word' id='word_1_82' title='bbox 2025 943 2137 984; x_wconf 87' lang='lat' dir='ltr'><strong>non</strong></span> 
     </span>
     <span class='ocr_line' id='line_1_10' title="bbox 40 1007 2220 1089; baseline 0.001 -20"><span class='ocrx_word' id='word_1_83' title='bbox 40 1084 45 1089; x_wconf 30' lang='grc' dir='ltr'>Ι</span> <span class='ocrx_word' id='word_1_84' title='bbox 157 1010 472 1087; x_wconf 78' lang='lat' dir='ltr'><strong>limatioris,</strong></span> <span class='ocrx_word' id='word_1_85' title='bbox 495 1011 717 1068; x_wconf 89' lang='lat' dir='ltr'><strong>maioris</strong></span> <span class='ocrx_word' id='word_1_86' title='bbox 741 1018 925 1069; x_wconf 87' lang='lat' dir='ltr'><strong>tamen</strong></span> <span class='ocrx_word' id='word_1_87' title='bbox 943 1010 1152 1086; x_wconf 87' lang='lat' dir='ltr'><strong>ingenii</strong></span> <span class='ocrx_word' id='word_1_88' title='bbox 1171 1011 1363 1069; x_wconf 82' lang='lat' dir='ltr'><strong>vitium</strong></span> <span class='ocrx_word' id='word_1_89' title='bbox 1385 1018 1493 1069; x_wconf 88' lang='lat' dir='ltr'><strong>est.</strong></span> <span class='ocrx_word' id='word_1_90' title='bbox 1521 1007 1645 1069; x_wconf 89' lang='lat' dir='ltr'><strong>Nec</strong></span> <span class='ocrx_word' id='word_1_91' title='bbox 1665 1026 1828 1086; x_wconf 86' lang='lat' dir='ltr'><strong>vero,</strong></span> <span class='ocrx_word' id='word_1_92' title='bbox 1851 1027 1979 1068; x_wconf 87' lang='lat' dir='ltr'><strong>cum</strong></span> <span class='ocrx_word' id='word_1_93' title='bbox 1996 1007 2139 1070; x_wconf 89' lang='lat' dir='ltr'><strong>baec</strong></span> <span class='ocrx_word' id='word_1_94' title='bbox 2153 1019 2220 1071; x_wconf 91' lang='grc'><strong>22</strong></span> 
     </span>
     <span class='ocr_line' id='line_1_11' title="bbox 91 1082 1841 1173; baseline -0.004 -15"><span class='ocrx_word' id='word_1_95' title='bbox 91 1107 149 1158; x_wconf 85' lang='grc'><strong>10</strong></span> <span class='ocrx_word' id='word_1_96' title='bbox 164 1095 318 1173; x_wconf 88' lang='lat' dir='ltr'><strong>dico,</strong></span> <span class='ocrx_word' id='word_1_97' title='bbox 349 1091 505 1152; x_wconf 92' lang='lat' dir='ltr'><strong>illum</strong></span> <span class='ocrx_word' id='word_1_98' title='bbox 534 1092 889 1153; x_wconf 85' lang='lat' dir='ltr'><strong>Homericum</strong></span> <span class='ocrx_word' id='word_1_99' title='bbox 915 1082 1285 1172; x_wconf 74' lang='grc' dir='ltr'><strong><em>ἄμετροεπῆ</em></strong></span> <span class='ocrx_word' id='word_1_100' title='bbox 1316 1093 1496 1170; x_wconf 90' lang='lat' dir='ltr'><strong>probo</strong></span> <span class='ocrx_word' id='word_1_101' title='bbox 1514 1138 1532 1170; x_wconf 94' lang='lat'><strong>,</strong></span> <span class='ocrx_word' id='word_1_102' title='bbox 1564 1092 1668 1153; x_wconf 91' lang='lat' dir='ltr'><strong>sed</strong></span> <span class='ocrx_word' id='word_1_103' title='bbox 1693 1092 1841 1152; x_wconf 87' lang='lat' dir='ltr'><strong>hunc</strong></span> 
     </span>
     <span class='ocr_line' id='line_1_12' title="bbox 434 1169 1875 1258; baseline -0.001 -22"><span class='ocrx_word' id='word_1_104' title='bbox 434 1173 543 1236; x_wconf 81' lang='grc' dir='ltr'><strong>καὶ</strong></span> <span class='ocrx_word' id='word_1_105' title='bbox 567 1174 726 1237; x_wconf 80' lang='grc' dir='ltr'><strong><em>ἔπεα</em></strong></span> <span class='ocrx_word' id='word_1_106' title='bbox 746 1169 1144 1254; x_wconf 82' lang='grc' dir='ltr'><em>νιφάδεσσιν</em></span> <span class='ocrx_word' id='word_1_107' title='bbox 1165 1171 1426 1237; x_wconf 81' lang='grc' dir='ltr'><strong><em>ἐοικότα</em></strong></span> <span class='ocrx_word' id='word_1_108' title='bbox 1447 1176 1875 1258; x_wconf 78' lang='grc' dir='ltr'><em>χειμερίῃσιν·</em></span> 
     </span>
     <span class='ocr_line' id='line_1_13' title="bbox 57 1259 1607 1340; baseline -0.001 -19"><span class='ocrx_word' id='word_1_109' title='bbox 57 1264 68 1274; x_wconf 87' lang='grc'>’</span> <span class='ocrx_word' id='word_1_110' title='bbox 162 1279 277 1321; x_wconf 88' lang='lat' dir='ltr'><strong>non</strong></span> <span class='ocrx_word' id='word_1_111' title='bbox 312 1262 442 1339; x_wconf 89' lang='lat' dir='ltr'><strong>quia</strong></span> <span class='ocrx_word' id='word_1_112' title='bbox 468 1277 580 1320; x_wconf 89' lang='lat' dir='ltr'><strong>non</strong></span> <span class='ocrx_word' id='word_1_113' title='bbox 609 1269 668 1320; x_wconf 86' lang='lat' dir='ltr'><strong>et</strong></span> <span class='ocrx_word' id='word_1_114' title='bbox 694 1259 792 1320; x_wconf 89' lang='lat' dir='ltr'><strong>ille</strong></span> <span class='ocrx_word' id='word_1_115' title='bbox 822 1260 954 1320; x_wconf 89' lang='lat' dir='ltr'><strong>mihi</strong></span> <span class='ocrx_word' id='word_1_116' title='bbox 986 1259 1328 1321; x_wconf 84' lang='lat' dir='ltr'><strong>validissime</strong></span> <span class='ocrx_word' id='word_1_117' title='bbox 1360 1260 1607 1340; x_wconf 88' lang='lat' dir='ltr'><strong>placeat,</strong></span> 
     </span>
     <span class='ocr_line' id='line_1_14' title="bbox 438 1334 1506 1424; baseline 0.001 -21"><span class='ocrx_word' id='word_1_118' title='bbox 438 1343 662 1424; x_wconf 81' lang='grc' dir='ltr'><strong><em>παῦρα</em></strong></span> <span class='ocrx_word' id='word_1_119' title='bbox 683 1336 827 1421; x_wconf 74' lang='grc' dir='ltr'><strong>μὲν,</strong></span> <span class='ocrx_word' id='word_1_120' title='bbox 851 1334 1018 1405; x_wconf 76' lang='grc' dir='ltr'><em>ἀλλὰ</em></span> <span class='ocrx_word' id='word_1_121' title='bbox 1048 1337 1221 1422; x_wconf 80' lang='grc' dir='ltr'><strong><em>μάλα</em></strong></span> <span class='ocrx_word' id='word_1_122' title='bbox 1244 1341 1475 1422; x_wconf 78' lang='grc' dir='ltr'><em>λιγέως</em></span> <span class='ocrx_word' id='word_1_123' title='bbox 1492 1364 1506 1378; x_wconf 93' lang='grc'>·</span> 
     </span>
     <span class='ocr_line' id='line_1_15' title="bbox 164 1426 2141 1505; baseline -0.002 -15"><span class='ocrx_word' id='word_1_124' title='bbox 164 1430 213 1490; x_wconf 86' lang='lat' dir='ltr'><strong>si</strong></span> <span class='ocrx_word' id='word_1_125' title='bbox 238 1439 428 1490; x_wconf 89' lang='lat' dir='ltr'><strong>tamen</strong></span> <span class='ocrx_word' id='word_1_126' title='bbox 458 1426 620 1487; x_wconf 90' lang='lat' dir='ltr'><strong>detur</strong></span> <span class='ocrx_word' id='word_1_127' title='bbox 646 1426 856 1487; x_wconf 81' lang='lat' dir='ltr'><strong>electio</strong></span> <span class='ocrx_word' id='word_1_128' title='bbox 873 1473 891 1505; x_wconf 94' lang='lat'><strong>,</strong></span> <span class='ocrx_word' id='word_1_129' title='bbox 923 1426 1073 1487; x_wconf 87' lang='lat' dir='ltr'><strong>illam</strong></span> <span class='ocrx_word' id='word_1_130' title='bbox 1107 1430 1414 1488; x_wconf 88' lang='lat' dir='ltr'><strong>orationem</strong></span> <span class='ocrx_word' id='word_1_131' title='bbox 1443 1428 1681 1489; x_wconf 84' lang='lat' dir='ltr'><strong>similem</strong></span> <span class='ocrx_word' id='word_1_132' title='bbox 1705 1427 1926 1487; x_wconf 83' lang='lat' dir='ltr'><strong>nivibus</strong></span> <span class='ocrx_word' id='word_1_133' title='bbox 1954 1426 2141 1487; x_wconf 88' lang='lat' dir='ltr'><strong>hiber-</strong></span> 
     </span>
     <span class='ocr_line' id='line_1_16' title="bbox 93 1510 2143 1591; baseline -0.001 -20"><span class='ocrx_word' id='word_1_134' title='bbox 93 1518 150 1572; x_wconf 90' lang='lat'><strong>15</strong></span> <span class='ocrx_word' id='word_1_135' title='bbox 164 1515 283 1589; x_wconf 89' lang='lat' dir='ltr'><strong>nis,</strong></span> <span class='ocrx_word' id='word_1_136' title='bbox 326 1512 384 1572; x_wconf 87' lang='lat' dir='ltr'><strong>id</strong></span> <span class='ocrx_word' id='word_1_137' title='bbox 423 1521 511 1571; x_wconf 90' lang='lat' dir='ltr'><strong>est</strong></span> <span class='ocrx_word' id='word_1_138' title='bbox 543 1510 797 1571; x_wconf 88' lang='lat' dir='ltr'><strong>crebram</strong></span> <span class='ocrx_word' id='word_1_139' title='bbox 829 1521 887 1571; x_wconf 94' lang='lat' dir='ltr'><strong>et</strong></span> <span class='ocrx_word' id='word_1_140' title='bbox 915 1511 1198 1572; x_wconf 89' lang='lat' dir='ltr'><strong>adsiduam</strong></span> <span class='ocrx_word' id='word_1_141' title='bbox 1225 1521 1284 1572; x_wconf 91' lang='lat' dir='ltr'><strong>et</strong></span> <span class='ocrx_word' id='word_1_142' title='bbox 1314 1511 1556 1590; x_wconf 81' lang='lat' dir='ltr'><strong>largam,</strong></span> <span class='ocrx_word' id='word_1_143' title='bbox 1585 1522 1874 1591; x_wconf 89' lang='lat' dir='ltr'><strong>postremo</strong></span> <span class='ocrx_word' id='word_1_144' title='bbox 1905 1511 2143 1571; x_wconf 83' lang='lat' dir='ltr'><strong>divinam</strong></span> 
     </span>
     <span class='ocr_line' id='line_1_17' title="bbox 166 1593 2225 1673; baseline -0.001 -17"><span class='ocrx_word' id='word_1_145' title='bbox 166 1606 224 1656; x_wconf 91' lang='lat' dir='ltr'><strong>et</strong></span> <span class='ocrx_word' id='word_1_146' title='bbox 254 1594 599 1673; x_wconf 88' lang='lat' dir='ltr'><strong>caelestem,</strong></span> <span class='ocrx_word' id='word_1_147' title='bbox 630 1593 782 1654; x_wconf 78' lang='lat' dir='ltr'><strong>volo·</strong></span> <span class='ocrx_word' id='word_1_148' title='bbox 846 1594 942 1654; x_wconf 91' lang='lat' dir='ltr'><strong>Ad</strong></span> <span class='ocrx_word' id='word_1_149' title='bbox 964 1604 1055 1655; x_wconf 90' lang='lat' dir='ltr'><strong>est</strong></span> <span class='ocrx_word' id='word_1_150' title='bbox 1081 1597 1292 1672; x_wconf 87' lang='lat' dir='ltr'><strong>gratior</strong></span> <span class='ocrx_word' id='word_1_151' title='bbox 1318 1595 1504 1656; x_wconf 89' lang='lat' dir='ltr'><strong>multis</strong></span> <span class='ocrx_word' id='word_1_152' title='bbox 1534 1599 1710 1656; x_wconf 90' lang='lat' dir='ltr'><strong>oratio</strong></span> <span class='ocrx_word' id='word_1_153' title='bbox 1733 1595 1941 1655; x_wconf 85' lang='lat' dir='ltr'><strong>brevis.</strong></span> <span class='ocrx_word' id='word_1_154' title='bbox 2013 1593 2139 1670; x_wconf 88' lang='lat' dir='ltr'><strong>Est,</strong></span> <span class='ocrx_word' id='word_1_155' title='bbox 2157 1600 2225 1653; x_wconf 82' lang='grc'><strong>23</strong></span> 
     </span>
     <span class='ocr_line' id='line_1_18' title="bbox 165 1676 2142 1758; baseline -0.002 -18"><span class='ocrx_word' id='word_1_156' title='bbox 165 1679 271 1741; x_wconf 92' lang='lat' dir='ltr'><strong>sed</strong></span> <span class='ocrx_word' id='word_1_157' title='bbox 299 1678 606 1756; x_wconf 87' lang='lat' dir='ltr'><strong>inertibus,</strong></span> <span class='ocrx_word' id='word_1_158' title='bbox 648 1695 881 1758; x_wconf 86' lang='lat' dir='ltr'><strong>quorum</strong></span> <span class='ocrx_word' id='word_1_159' title='bbox 908 1676 1139 1740; x_wconf 86' lang='lat' dir='ltr'><strong>delicias</strong></span> <span class='ocrx_word' id='word_1_160' title='bbox 1166 1679 1546 1758; x_wconf 86' lang='lat' dir='ltr'><strong>desidiamque</strong></span> <span class='ocrx_word' id='word_1_161' title='bbox 1578 1681 1735 1758; x_wconf 87' lang='lat' dir='ltr'><strong>quasi</strong></span> <span class='ocrx_word' id='word_1_162' title='bbox 1762 1678 2022 1738; x_wconf 91' lang='lat' dir='ltr'><strong>iudicium</strong></span> <span class='ocrx_word' id='word_1_163' title='bbox 2052 1696 2142 1737; x_wconf 90' lang='lat' dir='ltr'><strong>re-</strong></span> 
     </span>
     <span class='ocr_line' id='line_1_19' title="bbox 166 1761 2141 1840; baseline -0.002 -16"><span class='ocrx_word' id='word_1_164' title='bbox 166 1765 396 1840; x_wconf 83' lang='lat' dir='ltr'><strong>spicere</strong></span> <span class='ocrx_word' id='word_1_165' title='bbox 426 1762 718 1821; x_wconf 87' lang='lat' dir='ltr'><strong>ridiculum</strong></span> <span class='ocrx_word' id='word_1_166' title='bbox 747 1772 855 1823; x_wconf 89' lang='lat' dir='ltr'><strong>est.</strong></span> <span class='ocrx_word' id='word_1_167' title='bbox 896 1761 1038 1821; x_wconf 88' lang='lat' dir='ltr'><strong>Nam</strong></span> <span class='ocrx_word' id='word_1_168' title='bbox 1064 1765 1111 1823; x_wconf 88' lang='lat' dir='ltr'><strong>si</strong></span> <span class='ocrx_word' id='word_1_169' title='bbox 1146 1762 1254 1823; x_wconf 92' lang='lat' dir='ltr'><strong>hos</strong></span> <span class='ocrx_word' id='word_1_170' title='bbox 1289 1765 1345 1822; x_wconf 90' lang='lat' dir='ltr'><strong>in</strong></span> <span class='ocrx_word' id='word_1_171' title='bbox 1375 1762 1609 1823; x_wconf 85' lang='lat' dir='ltr'><strong>consilio</strong></span> <span class='ocrx_word' id='word_1_172' title='bbox 1638 1762 1868 1839; x_wconf 89' lang='lat' dir='ltr'><strong>habeas,</strong></span> <span class='ocrx_word' id='word_1_173' title='bbox 1904 1779 2016 1821; x_wconf 90' lang='lat' dir='ltr'><strong>non</strong></span> <span class='ocrx_word' id='word_1_174' title='bbox 2049 1779 2141 1822; x_wconf 90' lang='lat' dir='ltr'><strong>so·</strong></span> 
     </span>
     <span class='ocr_line' id='line_1_20' title="bbox 165 1842 2229 1908; baseline -0.001 -3"><span class='ocrx_word' id='word_1_175' title='bbox 165 1845 283 1908; x_wconf 91' lang='lat' dir='ltr'><strong>lum</strong></span> <span class='ocrx_word' id='word_1_176' title='bbox 325 1848 497 1907; x_wconf 87' lang='lat' dir='ltr'><strong>satius</strong></span> <span class='ocrx_word' id='word_1_177' title='bbox 539 1856 629 1906; x_wconf 88' lang='lat' dir='ltr'><strong>est</strong></span> <span class='ocrx_word' id='word_1_178' title='bbox 665 1846 915 1907; x_wconf 82' lang='lat' dir='ltr'><strong>breviter</strong></span> <span class='ocrx_word' id='word_1_179' title='bbox 945 1845 1137 1905; x_wconf 88' lang='lat' dir='ltr'><strong>dicere</strong></span> <span class='ocrx_word' id='word_1_180' title='bbox 1177 1845 1282 1906; x_wconf 88' lang='lat' dir='ltr'><strong>sed</strong></span> <span class='ocrx_word' id='word_1_181' title='bbox 1310 1848 1531 1905; x_wconf 89' lang='lat' dir='ltr'><strong>omnino</strong></span> <span class='ocrx_word' id='word_1_182' title='bbox 1564 1863 1677 1905; x_wconf 86' lang='lat' dir='ltr'><strong>non</strong></span> <span class='ocrx_word' id='word_1_183' title='bbox 1706 1844 1915 1904; x_wconf 87' lang='lat' dir='ltr'><strong>dicere.</strong></span> <span class='ocrx_word' id='word_1_184' title='bbox 1987 1842 2143 1904; x_wconf 90' lang='lat' dir='ltr'><strong>Haec</strong></span> <span class='ocrx_word' id='word_1_185' title='bbox 2159 1851 2229 1903; x_wconf 79' lang='lat'><strong>24</strong></span> 
     </span>
     <span class='ocr_line' id='line_1_21' title="bbox 94 1928 2146 2008; baseline -0.002 -15"><span class='ocrx_word' id='word_1_186' title='bbox 94 1940 260 1993; x_wconf 76' lang='lat' dir='ltr'><strong>20est</strong></span> <span class='ocrx_word' id='word_1_187' title='bbox 288 1931 470 1991; x_wconf 89' lang='lat' dir='ltr'><strong>adhuc</strong></span> <span class='ocrx_word' id='word_1_188' title='bbox 498 1933 775 1991; x_wconf 87' lang='lat' dir='ltr'><strong>sententia</strong></span> <span class='ocrx_word' id='word_1_189' title='bbox 799 1948 945 2007; x_wconf 87' lang='lat' dir='ltr'><strong>mea,</strong></span> <span class='ocrx_word' id='word_1_190' title='bbox 979 1948 1142 2008; x_wconf 86' lang='lat' dir='ltr'><strong>quam</strong></span> <span class='ocrx_word' id='word_1_191' title='bbox 1167 1930 1424 2007; x_wconf 83' lang='lat' dir='ltr'><strong>mutabo,</strong></span> <span class='ocrx_word' id='word_1_192' title='bbox 1467 1931 1515 1991; x_wconf 93' lang='lat' dir='ltr'><strong>si</strong></span> <span class='ocrx_word' id='word_1_193' title='bbox 1548 1930 1883 1990; x_wconf 88' lang='lat' dir='ltr'><strong>dissenseris</strong></span> <span class='ocrx_word' id='word_1_194' title='bbox 1913 1938 2004 2005; x_wconf 90' lang='lat' dir='ltr'><strong>tu,</strong></span> <span class='ocrx_word' id='word_1_195' title='bbox 2040 1928 2146 1988; x_wconf 89' lang='lat' dir='ltr'><strong>sed</strong></span> 
     </span>
     <span class='ocr_line' id='line_1_22' title="bbox 166 2010 2145 2095; baseline -0.004 -19"><span class='ocrx_word' id='word_1_196' title='bbox 166 2015 338 2095; x_wconf 86' lang='lat' dir='ltr'><strong>plane</strong></span> <span class='ocrx_word' id='word_1_197' title='bbox 371 2033 472 2074; x_wconf 86' lang='lat' dir='ltr'><strong>cur</strong></span> <span class='ocrx_word' id='word_1_198' title='bbox 503 2014 798 2076; x_wconf 77' lang='lat' dir='ltr'><strong>dissentias</strong></span> <span class='ocrx_word' id='word_1_199' title='bbox 820 2013 1080 2093; x_wconf 83' lang='lat' dir='ltr'><strong>explices</strong></span> <span class='ocrx_word' id='word_1_200' title='bbox 1108 2031 1271 2091; x_wconf 78' lang='lat' dir='ltr'><strong>rogo·</strong></span> <span class='ocrx_word' id='word_1_201' title='bbox 1337 2013 1603 2087; x_wconf 81' lang='lat' dir='ltr'><strong>Quamvis</strong></span> <span class='ocrx_word' id='word_1_202' title='bbox 1634 2014 1782 2074; x_wconf 90' lang='lat' dir='ltr'><strong>enim</strong></span> <span class='ocrx_word' id='word_1_203' title='bbox 1812 2010 2019 2071; x_wconf 88' lang='lat' dir='ltr'><strong>cedere</strong></span> <span class='ocrx_word' id='word_1_204' title='bbox 2051 2028 2145 2070; x_wconf 91' lang='lat' dir='ltr'><strong>au·</strong></span> 
     </span>
     <span class='ocr_line' id='line_1_23' title="bbox 170 2096 2146 2176; baseline -0.003 -16"><span class='ocrx_word' id='word_1_205' title='bbox 170 2100 415 2160; x_wconf 88' lang='lat' dir='ltr'><strong>ctoritati</strong></span> <span class='ocrx_word' id='word_1_206' title='bbox 437 2109 564 2159; x_wconf 84' lang='lat' dir='ltr'><strong>tuae</strong></span> <span class='ocrx_word' id='word_1_207' title='bbox 590 2098 846 2176; x_wconf 89' lang='lat' dir='ltr'><strong>debeam,</strong></span> <span class='ocrx_word' id='word_1_208' title='bbox 874 2100 1086 2159; x_wconf 88' lang='lat' dir='ltr'><strong>rectius</strong></span> <span class='ocrx_word' id='word_1_209' title='bbox 1106 2108 1291 2158; x_wconf 90' lang='lat' dir='ltr'><strong>tamen</strong></span> <span class='ocrx_word' id='word_1_210' title='bbox 1321 2099 1558 2159; x_wconf 87' lang='lat' dir='ltr'><strong>arbitror</strong></span> <span class='ocrx_word' id='word_1_211' title='bbox 1584 2100 1812 2157; x_wconf 89' lang='lat' dir='ltr'><strong>intanta</strong></span> <span class='ocrx_word' id='word_1_212' title='bbox 1838 2113 1902 2155; x_wconf 91' lang='lat' dir='ltr'><strong>re</strong></span> <span class='ocrx_word' id='word_1_213' title='bbox 1928 2096 2146 2155; x_wconf 89' lang='lat' dir='ltr'><strong>ratione</strong></span> 
     </span>
     <span class='ocr_line' id='line_1_24' title="bbox 171 2177 2228 2261; baseline -0.003 -19"><span class='ocrx_word' id='word_1_214' title='bbox 171 2200 337 2261; x_wconf 87' lang='lat' dir='ltr'><strong>quam</strong></span> <span class='ocrx_word' id='word_1_215' title='bbox 365 2184 693 2243; x_wconf 88' lang='lat' dir='ltr'><strong>auctoritate</strong></span> <span class='ocrx_word' id='word_1_216' title='bbox 725 2184 995 2260; x_wconf 87' lang='lat' dir='ltr'><strong>superari.</strong></span> <span class='ocrx_word' id='word_1_217' title='bbox 1059 2181 1299 2243; x_wconf 87' lang='lat' dir='ltr'><strong>Proinde</strong></span> <span class='ocrx_word' id='word_1_218' title='bbox 1341 2184 1390 2242; x_wconf 90' lang='lat' dir='ltr'><strong>si</strong></span> <span class='ocrx_word' id='word_1_219' title='bbox 1430 2200 1543 2242; x_wconf 90' lang='lat' dir='ltr'><strong>non</strong></span> <span class='ocrx_word' id='word_1_220' title='bbox 1581 2199 1769 2242; x_wconf 89' lang='lat' dir='ltr'><strong>errare</strong></span> <span class='ocrx_word' id='word_1_221' title='bbox 1818 2179 2050 2255; x_wconf 89' lang='lat' dir='ltr'><strong>videor,</strong></span> <span class='ocrx_word' id='word_1_222' title='bbox 2088 2177 2145 2237; x_wconf 90' lang='lat' dir='ltr'><strong>id</strong></span> <span class='ocrx_word' id='word_1_223' title='bbox 2160 2182 2228 2235; x_wconf 81' lang='lat'><strong>25</strong></span> 
     </span>
     <span class='ocr_line' id='line_1_25' title="bbox 167 2262 2146 2345; baseline -0.001 -20"><span class='ocrx_word' id='word_1_224' title='bbox 167 2267 356 2345; x_wconf 90' lang='lat' dir='ltr'><strong>ipsum</strong></span> <span class='ocrx_word' id='word_1_225' title='bbox 386 2284 548 2344; x_wconf 87' lang='lat' dir='ltr'><strong>quam</strong></span> <span class='ocrx_word' id='word_1_226' title='bbox 574 2265 739 2327; x_wconf 87' lang='lat' dir='ltr'><strong>voles</strong></span> <span class='ocrx_word' id='word_1_227' title='bbox 768 2268 927 2327; x_wconf 85' lang='lat' dir='ltr'><strong>brevi</strong></span> <span class='ocrx_word' id='word_1_228' title='bbox 954 2266 1196 2344; x_wconf 89' lang='lat' dir='ltr'><strong>epistula</strong></span> <span class='ocrx_word' id='word_1_229' title='bbox 1225 2264 1329 2326; x_wconf 89' lang='lat' dir='ltr'><strong>sed</strong></span> <span class='ocrx_word' id='word_1_230' title='bbox 1368 2274 1551 2325; x_wconf 89' lang='lat' dir='ltr'><strong>tamen</strong></span> <span class='ocrx_word' id='word_1_231' title='bbox 1593 2265 1781 2326; x_wconf 89' lang='lat' dir='ltr'><strong>scribe</strong></span> <span class='ocrx_word' id='word_1_232' title='bbox 1826 2262 2146 2341; x_wconf 84' lang='lat' dir='ltr'><strong>(confirma-</strong></span> 
     </span>
     <span class='ocr_line' id='line_1_26' title="bbox 66 2344 2150 2427; baseline -0 -22"><span class='ocrx_word' id='word_1_233' title='bbox 66 2350 256 2426; x_wconf 33' lang='lat' dir='ltr'><strong>,25his</strong></span> <span class='ocrx_word' id='word_1_234' title='bbox 289 2352 438 2409; x_wconf 91' lang='lat' dir='ltr'><strong>enim</strong></span> <span class='ocrx_word' id='word_1_235' title='bbox 464 2350 726 2410; x_wconf 86' lang='lat' dir='ltr'><strong>iudicium</strong></span> <span class='ocrx_word' id='word_1_236' title='bbox 752 2350 1003 2427; x_wconf 87' lang='lat' dir='ltr'><strong>meum);</strong></span> <span class='ocrx_word' id='word_1_237' title='bbox 1043 2353 1091 2409; x_wconf 86' lang='lat' dir='ltr'><strong>si</strong></span> <span class='ocrx_word' id='word_1_238' title='bbox 1119 2368 1341 2426; x_wconf 88' lang='lat' dir='ltr'><strong>errare,</strong></span> <span class='ocrx_word' id='word_1_239' title='bbox 1385 2348 1766 2427; x_wconf 84' lang='lat' dir='ltr'><strong>longissimam</strong></span> <span class='ocrx_word' id='word_1_240' title='bbox 1797 2364 1944 2423; x_wconf 89' lang='lat' dir='ltr'><strong>para.</strong></span> <span class='ocrx_word' id='word_1_241' title='bbox 2004 2344 2150 2404; x_wconf 89' lang='lat' dir='ltr'><strong>Num</strong></span> 
     </span>
     <span class='ocr_line' id='line_1_27' title="bbox 173 2430 2146 2513; baseline -0.002 -20"><span class='ocrx_word' id='word_1_242' title='bbox 173 2436 403 2513; x_wconf 87' lang='lat' dir='ltr'><strong>corrupi</strong></span> <span class='ocrx_word' id='word_1_243' title='bbox 430 2442 511 2510; x_wconf 90' lang='lat' dir='ltr'><strong>te,</strong></span> <span class='ocrx_word' id='word_1_244' title='bbox 542 2436 636 2512; x_wconf 84' lang='lat' dir='ltr'><strong>qui</strong></span> <span class='ocrx_word' id='word_1_245' title='bbox 664 2434 784 2512; x_wconf 90' lang='lat' dir='ltr'><strong>tibi,</strong></span> <span class='ocrx_word' id='word_1_246' title='bbox 820 2436 868 2495; x_wconf 88' lang='lat' dir='ltr'><strong>si</strong></span> <span class='ocrx_word' id='word_1_247' title='bbox 896 2433 1026 2492; x_wconf 90' lang='lat' dir='ltr'><strong>mihi</strong></span> <span class='ocrx_word' id='word_1_248' title='bbox 1054 2433 1388 2511; x_wconf 88' lang='lat' dir='ltr'><strong>accederes,</strong></span> <span class='ocrx_word' id='word_1_249' title='bbox 1418 2434 1607 2494; x_wconf 83' lang='lat' dir='ltr'><strong>brevis</strong></span> <span class='ocrx_word' id='word_1_250' title='bbox 1638 2430 1913 2511; x_wconf 90' lang='lat' dir='ltr'><strong>epistulae</strong></span> <span class='ocrx_word' id='word_1_251' title='bbox 1943 2448 2146 2490; x_wconf 88' lang='lat' dir='ltr'><strong>neces·</strong></span> 
     </span>
     <span class='ocr_line' id='line_1_28' title="bbox 171 2514 1772 2597; baseline -0.002 -19"><span class='ocrx_word' id='word_1_252' title='bbox 171 2520 416 2597; x_wconf 84' lang='lat' dir='ltr'><strong>sitatem,</strong></span> <span class='ocrx_word' id='word_1_253' title='bbox 443 2519 490 2578; x_wconf 88' lang='lat' dir='ltr'><strong>si</strong></span> <span class='ocrx_word' id='word_1_254' title='bbox 521 2516 871 2597; x_wconf 86' lang='lat' dir='ltr'><strong>dissentires,</strong></span> <span class='ocrx_word' id='word_1_255' title='bbox 905 2517 1268 2595; x_wconf 86' lang='lat' dir='ltr'><strong>longissimae</strong></span> <span class='ocrx_word' id='word_1_256' title='bbox 1294 2514 1559 2597; x_wconf 73' lang='lat' dir='ltr'><strong>inposui?</strong></span> <span class='ocrx_word' id='word_1_257' title='bbox 1610 2516 1772 2577; x_wconf 88' lang='lat' dir='ltr'><strong>Vale.</strong></span> 
     </span>
    </p>
   </div>
   <div class='ocr_carea' id='block_1_3' title="bbox 95 2650 1749 2827">
    <p class='ocr_par' dir='ltr' id='par_1_3' title="bbox 95 2650 1749 2827">
     <span class='ocr_line' id='line_1_29' title="bbox 95 2650 1749 2827; baseline -0.001 -26"><span class='ocrx_word' id='word_1_258' title='bbox 95 2771 160 2827; x_wconf 82' lang='lat'><strong>30</strong></span> <span class='ocrx_word' id='word_1_259' title='bbox 590 2749 644 2804; x_wconf 85' lang='lat' dir='ltr'><strong>C.</strong></span> <span class='ocrx_word' id='word_1_260' title='bbox 683 2749 931 2802; x_wconf 77' lang='lat' dir='ltr'><strong>Pmes</strong></span> <span class='ocrx_word' id='word_1_261' title='bbox 962 2650 1499 2801; x_wconf 52' lang='lat' dir='ltr'><strong>PLmfflATERNo</strong></span> <span class='ocrx_word' id='word_1_262' title='bbox 1537 2745 1655 2799; x_wconf 82' lang='lat' dir='ltr'><strong>suo</strong></span> <span class='ocrx_word' id='word_1_263' title='bbox 1694 2744 1749 2800; x_wconf 78' lang='lat' dir='ltr'><strong>s,</strong></span> 
     </span>
    </p>
   </div>
   <div class='ocr_carea' id='block_1_4' title="bbox 171 2846 2203 3182">
    <p class='ocr_par' dir='ltr' id='par_1_4' title="bbox 171 2846 2203 3182">
     <span class='ocr_line' id='line_1_30' title="bbox 297 2846 2201 2931; baseline -0.001 -20"><span class='ocrx_word' id='word_1_264' title='bbox 297 2849 375 2911; x_wconf 86' lang='lat' dir='ltr'><strong>Ut</strong></span> <span class='ocrx_word' id='word_1_265' title='bbox 412 2851 576 2911; x_wconf 90' lang='lat' dir='ltr'><strong>animi</strong></span> <span class='ocrx_word' id='word_1_266' title='bbox 623 2853 707 2911; x_wconf 80' lang='lat' dir='ltr'><strong>tui</strong></span> <span class='ocrx_word' id='word_1_267' title='bbox 742 2851 949 2912; x_wconf 85' lang='lat' dir='ltr'><strong>iudicio</strong></span> <span class='ocrx_word' id='word_1_268' title='bbox 992 2852 1077 2913; x_wconf 86' lang='lat' dir='ltr'><strong>sic</strong></span> <span class='ocrx_word' id='word_1_269' title='bbox 1117 2851 1409 2912; x_wconf 89' lang='lat' dir='ltr'><strong>oculorum</strong></span> <span class='ocrx_word' id='word_1_270' title='bbox 1444 2851 1739 2931; x_wconf 80' lang='lat' dir='ltr'><strong>plurimum</strong></span> <span class='ocrx_word' id='word_1_271' title='bbox 1777 2846 1990 2917; x_wconf 86' lang='lat' dir='ltr'><strong>tribuo;</strong></span> <span class='ocrx_word' id='word_1_272' title='bbox 2041 2865 2153 2908; x_wconf 89' lang='lat' dir='ltr'><strong>non</strong></span> <span class='ocrx_word' id='word_1_273' title='bbox 2171 2859 2201 2910; x_wconf 93' lang='lat'>1</span> 
     </span>
     <span class='ocr_line' id='line_1_31' title="bbox 172 2935 2151 3016; baseline -0.003 -21"><span class='ocrx_word' id='word_1_274' title='bbox 172 2935 303 3016; x_wconf 84' lang='lat' dir='ltr'><strong>quia</strong></span> <span class='ocrx_word' id='word_1_275' title='bbox 332 2935 572 2995; x_wconf 86' lang='lat' dir='ltr'><strong>&#39;multum</strong></span> <span class='ocrx_word' id='word_1_276' title='bbox 589 2980 609 3013; x_wconf 89' lang='lat'><strong>,</strong></span> <span class='ocrx_word' id='word_1_277' title='bbox 648 2954 720 2995; x_wconf 86' lang='lat' dir='ltr'><strong>ne</strong></span> <span class='ocrx_word' id='word_1_278' title='bbox 754 2936 855 2996; x_wconf 93' lang='lat' dir='ltr'><strong>tibi</strong></span> <span class='ocrx_word' id='word_1_279' title='bbox 896 2936 1125 3015; x_wconf 89' lang='lat' dir='ltr'><strong>placeas</strong></span> <span class='ocrx_word' id='word_1_280' title='bbox 1142 2981 1160 3012; x_wconf 99' lang='lat'><strong>,</strong></span> <span class='ocrx_word' id='word_1_281' title='bbox 1202 2935 1307 2996; x_wconf 89' lang='lat' dir='ltr'><strong>sed</strong></span> <span class='ocrx_word' id='word_1_282' title='bbox 1337 2937 1465 3014; x_wconf 81' lang='lat' dir='ltr'><strong>quia</strong></span> <span class='ocrx_word' id='word_1_283' title='bbox 1498 2943 1707 2995; x_wconf 86' lang='lat' dir='ltr'><strong>tantum</strong></span> <span class='ocrx_word' id='word_1_284' title='bbox 1748 2941 2009 3011; x_wconf 86' lang='lat' dir='ltr'><strong>quantum</strong></span> <span class='ocrx_word' id='word_1_285' title='bbox 2039 2948 2151 3009; x_wconf 90' lang='lat' dir='ltr'><strong>ego</strong></span> 
     </span>
     <span class='ocr_line' id='line_1_32' title="bbox 171 3013 2203 3100; baseline -0.002 -19"><span class='ocrx_word' id='word_1_286' title='bbox 171 3020 354 3099; x_wconf 85' lang='lat' dir='ltr'><strong>sapis:</strong></span> <span class='ocrx_word' id='word_1_287' title='bbox 393 3036 725 3099; x_wconf 83' lang='lat' dir='ltr'><strong>quamquam</strong></span> <span class='ocrx_word' id='word_1_288' title='bbox 748 3019 859 3079; x_wconf 90' lang='lat' dir='ltr'><strong>hoc</strong></span> <span class='ocrx_word' id='word_1_289' title='bbox 891 3037 1118 3100; x_wconf 85' lang='lat' dir='ltr'><strong>quoque</strong></span> <span class='ocrx_word' id='word_1_290' title='bbox 1137 3018 1370 3079; x_wconf 91' lang='lat' dir='ltr'><strong>multum</strong></span> <span class='ocrx_word' id='word_1_291' title='bbox 1398 3028 1506 3080; x_wconf 87' lang='lat' dir='ltr'><strong>est.</strong></span> <span class='ocrx_word' id='word_1_292' title='bbox 1553 3017 1786 3078; x_wconf 89' lang='lat' dir='ltr'><strong>Omissis</strong></span> <span class='ocrx_word' id='word_1_293' title='bbox 1816 3018 1956 3077; x_wconf 90' lang='lat' dir='ltr'><strong>iocis</strong></span> <span class='ocrx_word' id='word_1_294' title='bbox 1979 3013 2152 3075; x_wconf 89' lang='lat' dir='ltr'><strong>credo</strong></span> <span class='ocrx_word' id='word_1_295' title='bbox 2169 3025 2203 3076; x_wconf 93' lang='grc'><strong>2</strong></span> 
     </span>
     <span class='ocr_line' id='line_1_33' title="bbox 171 3101 2154 3182; baseline -0.006 -13"><span class='ocrx_word' id='word_1_296' title='bbox 171 3101 450 3169; x_wconf 76' lang='lat' dir='ltr'><strong>decentes</strong></span> <span class='ocrx_word' id='word_1_297' title='bbox 488 3121 622 3163; x_wconf 89' lang='lat' dir='ltr'><strong>esse</strong></span> <span class='ocrx_word' id='word_1_298' title='bbox 652 3122 851 3164; x_wconf 85' lang='lat' dir='ltr'><strong>servos</strong></span> <span class='ocrx_word' id='word_1_299' title='bbox 881 3106 975 3182; x_wconf 86' lang='lat' dir='ltr'><strong>qui</strong></span> <span class='ocrx_word' id='word_1_300' title='bbox 1008 3112 1136 3164; x_wconf 90' lang='lat' dir='ltr'><strong>sunt</strong></span> <span class='ocrx_word' id='word_1_301' title='bbox 1164 3104 1337 3181; x_wconf 87' lang='lat' dir='ltr'><strong>empti</strong></span> <span class='ocrx_word' id='word_1_302' title='bbox 1363 3102 1493 3161; x_wconf 88' lang='lat' dir='ltr'><strong>mihi</strong></span> <span class='ocrx_word' id='word_1_303' title='bbox 1526 3122 1600 3164; x_wconf 89' lang='lat' dir='ltr'><strong>ex</strong></span> <span class='ocrx_word' id='word_1_304' title='bbox 1630 3101 1867 3162; x_wconf 86' lang='lat' dir='ltr'><strong>consilio</strong></span> <span class='ocrx_word' id='word_1_305' title='bbox 1895 3110 2023 3159; x_wconf 88' lang='lat' dir='ltr'><strong>tuo:</strong></span> <span class='ocrx_word' id='word_1_306' title='bbox 2062 3117 2154 3159; x_wconf 89' lang='lat' dir='ltr'><strong>su—</strong></span> 
     </span>
    </p>
   </div>
   <div class='ocr_carea' id='block_1_5' title="bbox 91 3185 2155 3335">
    <p class='ocr_par' dir='ltr' id='par_1_5' title="bbox 24 3185 2155 3564">
     <span class='ocr_line' id='line_1_34' title="bbox 91 3185 2155 3266; baseline -0.003 -19"><span class='ocrx_word' id='word_1_307' title='bbox 91 3192 372 3265; x_wconf 84' lang='lat' dir='ltr'><strong>35perest</strong></span> <span class='ocrx_word' id='word_1_308' title='bbox 402 3196 463 3247; x_wconf 88' lang='lat' dir='ltr'><strong>ut</strong></span> <span class='ocrx_word' id='word_1_309' title='bbox 495 3186 643 3264; x_wconf 82' lang='lat' dir='ltr'><strong>frugi</strong></span> <span class='ocrx_word' id='word_1_310' title='bbox 676 3189 817 3264; x_wconf 84' lang='lat' dir='ltr'><strong>sint,</strong></span> <span class='ocrx_word' id='word_1_311' title='bbox 865 3187 1015 3266; x_wconf 90' lang='lat' dir='ltr'><strong>quod</strong></span> <span class='ocrx_word' id='word_1_312' title='bbox 1053 3188 1124 3248; x_wconf 88' lang='lat' dir='ltr'><strong>de</strong></span> <span class='ocrx_word' id='word_1_313' title='bbox 1163 3186 1460 3248; x_wconf 84' lang='lat' dir='ltr'><strong>venalibus</strong></span> <span class='ocrx_word' id='word_1_314' title='bbox 1493 3185 1693 3247; x_wconf 80' lang='lat' dir='ltr'><strong>melius</strong></span> <span class='ocrx_word' id='word_1_315' title='bbox 1734 3186 1960 3247; x_wconf 87' lang='lat' dir='ltr'><strong>auribus</strong></span> <span class='ocrx_word' id='word_1_316' title='bbox 1991 3200 2155 3263; x_wconf 86' lang='lat' dir='ltr'><strong>quam</strong></span> 
     </span>
     <span class='ocr_line' id='line_1_35' title="bbox 173 3270 908 3335; baseline -0.001 -3.169"><span class='ocrx_word' id='word_1_317' title='bbox 173 3270 353 3335; x_wconf 76' lang='lat' dir='ltr'><strong>oculis</strong></span> <span class='ocrx_word' id='word_1_318' title='bbox 382 3270 678 3332; x_wconf 88' lang='lat' dir='ltr'><strong>iudicatur.</strong></span> <span class='ocrx_word' id='word_1_319' title='bbox 745 3271 908 3334; x_wconf 83' lang='lat' dir='ltr'><strong>Vale.</strong></span> 
     </span>
    </p>
   </div>
   <div class='ocr_carea' id='block_1_6' title="bbox 23 3577 253 3822">
    <p class='ocr_par' dir='ltr' id='par_1_6' title="bbox 23 3577 253 3822">
     <span class='ocr_line' id='line_1_36' title="bbox 23 3577 253 3822; baseline 0 0"><span class='ocrx_word' id='word_1_320' title='bbox 23 3577 39 3822; x_wconf 58' lang='lat' dir='ltr'><strong>t</strong></span> <span class='ocrx_word' id='word_1_321' title='bbox 122 3819 253 3822; x_wconf 0' lang='grc'><strong>-----</strong></span> 
     </span>
    </p>
   </div>
   <div class='ocr_carea' id='block_1_7' title="bbox 1741 3514 1836 3578">
    <p class='ocr_par' dir='ltr' id='par_1_7' title="bbox 1741 3514 1836 3578">
     <span class='ocr_line' id='line_1_37' title="bbox 1741 3514 1836 3578; baseline 0 -25"><span class='ocrx_word' id='word_1_322' title='bbox 1741 3514 1836 3578; x_wconf 79' lang='lat'><strong>2*</strong></span> 
     </span>
    </p>
   </div>
  </div>
 </body>
</html>
