2467 3850
56 1180 59 1219 l

778 676 1582 774 PRAEFATIO.

250 1009 444 1102 Novem
480 1048 789 1118 epistularum
831 1048 980 1102 libros
1013 1062 1040 1101 a
1060 1046 1215 1102 Plinio
1250 1047 1405 1102 editos
1440 1061 1547 1102 esse
1573 1054 1769 1103 auctore
1802 1054 1992 1104 constat
2024 1047 2220 1106 Sidonio

56 1151 57 1171 κ
135 1132 389 1201 Apollinari,
426 1130 509 1203 qui
544 1133 682 1202 epist.
706 1131 799 1196 lx,
835 1136 866 1187 1
902 1130 1105 1186 ‘addis’
1129 1131 1285 1202 inquit
1306 1131 1327 1162 θ
1344 1137 1393 1185 et
1421 1145 1588 1187 causas
1619 1131 1790 1204 quibus
1818 1132 1899 1188 hic
1927 1132 2048 1188 liber
2066 1149 2222 1189 nonus

132 1222 224 1272 octo
245 1216 540 1287 superiorum
558 1216 880 1271 voluminibus
903 1216 1174 1279 adcrescat,
1215 1215 1344 1285 quod
1367 1214 1421 1269 C.
1443 1213 1693 1271 Secundus
1706 1258 1721 1279 ,
1764 1217 1900 1272 cuius
1932 1232 2023 1272 nos
2043 1216 2220 1273 orbitas

130 1301 245 1371 sequi
272 1299 364 1355 hoc
380 1314 525 1370 opere
561 1301 861 1370 pronuntias,
903 1298 1097 1369 paribus
1127 1298 1279 1354 titulis
1313 1313 1434 1368 opus
1466 1300 1720 1369 epistulare
1759 1299 2085 1356 determinet?
2131 1301 2219 1356 ob·

129 1389 289 1439 scurata
338 1390 498 1438 autem
530 1384 760 1452 proximis
789 1399 817 1438 a
851 1381 1048 1438 Sidonio
1089 1382 1292 1437 saeculis
1326 1380 1494 1437 harum
1534 1384 1841 1453 epistularum
1873 1385 2102 1439 memoria
2133 1385 2217 1440 de·-

130 1468 236 1522 cimo
271 1468 464 1521 saeculo
503 1460 604 1522 tria'
627 1468 886 1523 extiterunt
919 1466 1204 1536 exemplaria
1240 1481 1350 1520 cum
1370 1468 1600 1538 scriptura
1612 1467 1865 1523 verborum
1885 1475 1990 1523 tum
2010 1469 2215 1539 disposi-

127 1550 240 1605 tione
257 1552 565 1621 epistularum
586 1551 877 1622 aliquantum
897 1551 1023 1604 inter
1041 1565 1094 1604 se
1115 1550 1374 1605 dissimilia.
1418 1565 1446 1604 e
1482 1551 1653 1622 quibus
1686 1552 2035 1622 exemplaribus
2065 1568 2217 1607 unum

125 1636 364 1704 genuinum
395 1650 572 1689 novem
604 1635 834 1690 librorum
858 1649 1134 1698 numerum,
1178 1633 1265 1689 sed
1296 1634 1582 1689 membranis
1602 1636 1783 1707 aliquot
1802 1651 1917 1691 casu
1937 1637 2219 1707 interceptis

124 1717 361 1784 minutum,
407 1726 705 1781 servaveram
752 1720 953 1774 alterum
975 1725 1143 1773 octavo
1171 1717 1294 1773 libro
1328 1719 1506 1773 omisso
1520 1760 1534 1782 ,
1575 1735 1703 1774 nono
1742 1734 1829 1789 pro
1852 1725 2022 1775 octavo
2042 1721 2216 1791 posito,

122 1802 292 1857 turbato
319 1808 571 1874 praeterea
593 1800 640 1857 in
665 1803 831 1874 quinto
855 1803 973 1857 etin
994 1801 1164 1856 ultimo
1185 1801 1308 1857 libro
1342 1803 1651 1871 epistularum
1684 1802 1848 1857 ordine
1861 1845 1875 1867 ,
1916 1810 2030 1859 octo
2072 1804 2219 1860 libros

124 1885 342 1951 exhibuitz
384 1887 582 1942 tertium
603 1887 806 1959 denique
840 1886 988 1943 libros
1008 1892 1233 1957 quattuor
1263 1886 1445 1956 primos
1475 1900 1587 1941 cum
1618 1901 1705 1941 sex
1736 1886 1900 1957 primis
1927 1887 2035 1943 libri
2067 1888 2219 1959 quinti

122 1972 316 2040 epistulis
337 1972 765 2041 complectebatur.
808 1977 1052 2041 praeterea
1075 1976 1236 2025 autem
1256 1970 1305 2023 in
1327 1985 1385 2025 eo
1408 1970 1577 2025 codice
1597 1971 1751 2042 quarti
1773 1971 1881 2026 libri
1915 1972 2117 2041 epistula
2148 1973 2219 2026 vi·

121 2055 278 2110 cesima
300 2056 508 2127 septima
528 2056 704 2111 omissa
733 2062 858 2110 erat:
901 2056 1028 2111 unde
1049 2054 1196 2109 evasit
1217 2069 1444 2109 numerus
1464 2055 1772 2124 epistularum
1794 2061 2003 2110 centum.
2044 2054 2218 2114 exhac

119 2137 251 2210 igitur
268 2141 418 2211 stirpe
439 2154 551 2194 cum
571 2140 743 2210 triplex
764 2140 992 2195 librorum
1014 2154 1169 2212 genus
1189 2154 1286 2209 quo
1307 2139 1543 2208 posterior
1563 2145 1693 2194 aetas
1718 2154 1806 2194 usa
1829 2146 1904 2193 est
1924 2154 2214 2211 propagare-

118 2227 209 2287 tur,
242 2240 339 2279 non
359 2224 505 2290 simul
526 2224 720 2279 diversis
741 2224 971 2293 exemplis
991 2223 1216 2293 descripti
1239 2223 1429 2277 codices
1461 2230 1810 2297 apparuerunt,
1852 2223 1938 2279 sed
1971 2223 2217 2293 paullatim

119 2304 195 2360 alio
214 2322 391 2379 genere
412 2314 526 2377 post
544 2308 670 2362 alind
689 2313 877 2378 reperto
900 2309 1147 2362 universus
1170 2307 1479 2377 epistularum
1498 2322 1726 2363 numerus
1748 2308 1797 2361 in
1820 2307 1979 2361 lucem
2000 2308 2193 2378 prodiit.

220 2390 341 2446 Nam
375 2406 493 2446 cum
524 2399 633 2461 post
654 2406 759 2445 eam
780 2407 971 2462 quoque
992 2399 1195 2446 aetatem
1216 2406 1359 2462 quam
1381 2390 1480 2445 dixi
1502 2406 1529 2445 a
1551 2392 1714 2461 paucis
1734 2390 1874 2446 Plinii
1897 2392 2129 2462 epistulae
2149 2391 2217 2445 le-

119 2482 348 2542 gerentur,
382 2477 593 2546 primum
612 2476 804 2546 reliquis
827 2476 1013 2531 duobus
1039 2475 1298 2548 generibus
1318 2474 1573 2529 latentibus
1595 2476 1807 2530 centuria
1826 2475 2136 2544 epistularum
2156 2490 2215 2529 ex

116 2571 161 2611 eo
178 2561 394 2630 exemplo
416 2559 545 2630 quod
567 2560 707 2614 tertio
732 2561 840 2615 loco
877 2561 1013 2629 posui
1033 2561 1176 2616 ducta
1196 2559 1449 2614 doctorum
1483 2558 1730 2614 hominum
1762 2558 1980 2613 manibus
1999 2558 2216 2613 versaba-

117 2647 193 2696 tur.
231 2644 369 2699 cuius
390 2643 524 2698 modi
544 2644 709 2698 codice
731 2644 872 2698 tertio
895 2644 1082 2698 decimo
1106 2644 1299 2697 saeculo
1321 2658 1436 2697 usus
1458 2650 1534 2697 ost
1554 2643 1830 2698 Vincentius
1849 2641 2215 2703 Bellovacensis,

114 2725 178 2794 qui
197 2725 243 2781 in
264 2725 481 2798 Speculo
504 2726 734 2782 historiali
755 2728 837 2782 lib.
860 2728 906 2783 X
926 2743 968 2782 o.
991 2729 1058 2787 67
1080 2726 1218 2782 Plinii
1241 2726 1464 2796 epistolas
1486 2727 1545 2781 ad
1566 2727 1777 2782 diversos
1798 2726 1987 2780 circiter
2023 2733 2215 2781 centum

113 2822 155 2861 se
171 2812 439 2882 repperisse
458 2812 523 2866 ait
544 2818 594 2865 et
617 2810 820 2882 ‘paucos
842 2812 986 2867 flores
1008 2827 1069 2865 ex
1091 2810 1231 2865 huius
1252 2810 1466 2880 epistolis
1489 2810 1765 2880 excerptos’
1786 2824 1908 2881 quos
1929 2809 2135 2865 subiecit
2154 2824 2216 2863 ex

113 2889 173 2946 his
210 2894 327 2965 ipsis
370 2901 569 2950 centum
622 2896 836 2966 epistulis
878 2896 1067 2965 petivit,
1112 2910 1292 2965 eosque
1335 2894 1401 2948 ita
1440 2902 1742 2965 comparatos
1784 2901 1838 2948 ut
1871 2908 1933 2947 ex
1963 2893 2217 2949 verborum

111 2978 326 3048 scriptura
348 2995 466 3035 cum
485 2979 617 3034 libris
637 2995 781 3035 manu
802 2980 990 3049 scriptis
1010 2994 1213 3051 quorum
1234 2978 1378 3033 hodie
1400 2979 1537 3048 copia
1557 2978 1684 3033 facta
1705 2982 1779 3032 est
1800 2978 1973 3039 collata
1993 2978 2214 3048 intellegi

113 3063 242 3127 possit
269 3064 331 3119 ad
364 3064 416 3120 id
445 3078 601 3136 genus
632 3064 758 3135 quod
779 3064 875 3119 dixi
897 3062 1134 3118 vincentii
1167 3063 1385 3117 codicem
1424 3063 1720 3132 pertinuisse.
1782 3060 2014 3116 habemus
2055 3067 2216 3117 autem

110 3143 231 3201 huius
251 3148 421 3217 stirpis
442 3153 617 3203 testem
626 3147 859 3202 Vmcentii
879 3153 1034 3202 aetate
1055 3147 1296 3217 aliquanto
1317 3147 1608 3215 superiorem
1631 3146 1955 3201 Florentinum
1977 3145 2213 3209 codicem,

111 3242 234 3297 quem
255 3231 306 3285 in
328 3231 623 3287 bibliotheca
641 3231 952 3286 Laurentiana
980 3232 1105 3286 inter
1137 3245 1221 3285 eos
1257 3230 1404 3284 libros
1424 3230 1507 3300 qui
1525 3229 1639 3284 illuc
1660 3245 1688 3284 e
1709 3228 1999 3285 bibliotheca
2021 3228 2215 3286 Floren-

108 3312 188 3369 tina
206 3312 259 3369 S.
278 3314 461 3380 Marci,
485 3316 621 3370 cuius
641 3316 757 3370 olim
775 3316 866 3369 fuit
886 3329 1085 3370 numero
1106 3316 1210 3370 284
1229 3319 1450 3377 notatus,
1473 3315 1671 3368 travecti
1689 3314 1894 3369 necdum
1918 3313 1968 3368 in
1988 3328 2212 3368 numeros

105 3397 222 3453 relati
263 3406 383 3455 sunt
431 3399 602 3455 inveni.
646 3399 688 3452 is
721 3398 872 3469 igitur
904 3407 980 3453 ost
1010 3397 1402 3453 membranaceus
1430 3396 1583 3452 forma
1618 3397 1844 3468 quadrata
1865 3397 2051 3451 minore
2066 3438 2079 3459 ,
2122 3395 2211 3448 sub

105 3477 229 3539 finem
252 3485 438 3539 saeculi
460 3483 661 3546 decimi,
705 3489 761 3536 ut
780 3482 895 3537 mihi
917 3483 1189 3546 videbatur,
1231 3481 1281 3535 in
1307 3479 1556 3539 Germania
1575 3481 1799 3550 scriptus.
1859 3494 1969 3535 nam
1996 3485 2045 3532 et
2065 3478 2213 3544 scrip-

1778 3576 1808 3611 ῃ,
1827 3565 1854 3597 *
