2467 3850
732 176 1253 241 EPISTULARUM
1279 177 1325 237 1.
1370 187 1452 241 13.
1489 188 1572 242 14.
2062 179 2141 243 13

167 333 292 391 tiam
321 348 504 390 meam
543 328 1022 390 exhortationibus
1055 329 1294 409 foverit,
1347 332 1549 411 quibus
1588 332 1754 391 etiam
1787 328 2041 392 laudibus
2082 342 2141 392 ut

166 414 466 476 laudandus
500 413 728 474 viderer
758 414 1033 474 effecerit.
1101 413 1254 476 Nihil
1281 425 1370 477 est
1399 415 1551 494 qnod
1580 432 1615 475 a
1643 424 1701 475 te
1734 415 1974 474 mandari
2007 415 2186 477 mihi2

162 508 254 558 aut
276 500 454 559 maius
487 508 580 558 aut
608 499 841 576 gratius,
872 497 1006 557 nihil
1030 499 1180 577 quod
1208 499 1498 560 honestius
1527 518 1557 559 a
1584 517 1676 558 me
1710 499 1924 578 suscipi
1956 501 2140 577 possit

166 600 324 661 quam
351 591 412 642 ut
443 581 649 659 eligam
673 584 934 641 iuvenem
954 601 1029 642 ex
1050 600 1162 661 quo
1188 585 1346 644 nasci
1367 593 1608 661 nepotes
1628 581 1879 643 Aruleno
1904 581 2140 644 Rustico

125 668 383 727 5deceat.
455 665 565 739 Qui
600 665 823 744 quidem
864 665 956 725 diu
997 667 1351 744 quaerendus
1387 667 1626 743 fuisset,
1680 667 1787 726 nisi
1819 675 2041 745 paratus
2083 676 2191 729 et3

165 752 320 829 quasi
345 752 607 829 provisus
641 760 799 810 esset
826 748 1085 813 Minicius
1111 750 1435 829 Acilianus,
1480 753 1573 829 qui
1608 768 1697 810 me
1725 759 1785 809 ut
1813 752 2028 810 iuvenis
2057 752 2138 810 iu·

162 853 367 893 venem
410 835 530 912 (est
570 835 716 893 enim
755 835 934 893 minor
973 833 1231 913 pauculis
1260 837 1448 915 annis)
1480 833 1904 894 familiarissime
1937 833 2137 913 diligit,

160 927 456 978 reveretur
486 927 545 977 ut
576 936 789 977 senem.
860 916 999 977 Nam
1038 921 1112 978 ita
1141 918 1365 978 formari
1394 938 1427 979 a
1452 937 1544 979 me
1573 927 1630 978 et
1659 918 1869 977 institui
1900 921 2052 997 cupit
2082 929 2140 978 ut

162 1019 275 1078 ego
306 1019 339 1061 a
363 1003 529 1061 vobis
560 1000 829 1063 solebam.
874 1001 1054 1061 Patria
1082 1012 1171 1063 est
1199 1005 1255 1064 ei
1287 1003 1470 1062 Brixia
1500 1022 1575 1063 ex
1601 1001 1696 1062 iila
1733 1011 1923 1062 nostra
1955 1002 2187 1081 ltalia,4

96 1092 150 1143 10
164 1103 306 1164 quae
340 1084 573 1145 multum
609 1084 791 1145 adhuc
824 1085 1235 1164 verecundiae,
1280 1086 1611 1164 frugalitatis
1652 1095 1820 1164 atque
1856 1088 2019 1146 etiam
2048 1105 2139 1146 ru—

161 1171 420 1230 sticitatis
449 1171 708 1269 antiquae
741 1172 947 1230 retinet
973 1188 1041 1231 ac
1078 1180 1288 1230 servat.
1351 1171 1517 1231 Pater
1544 1169 1801 1230 Minicius
1831 1160 2133 1249 Macrinus,
2151 1180 2183 1232 5

162 1256 469 1331 equestris
490 1254 699 1314 ordinis
728 1256 1031 1333 princeps,
1077 1256 1205 1333 quia
1243 1254 1380 1315 nihil
1423 1254 1587 1316 altius
1617 1253 1824 1314 voluit:
1880 1253 2136 1315 adlectus

162 1339 308 1397 enim
336 1355 367 1396 a
397 1338 527 1397 divo
548 1337 902 1415 Vespasiano
926 1340 1072 1398 inter
1094 1340 1407 1416 praetorios
1430 1339 1720 1400 honestam
1741 1341 1986 1418 quietem
2008 1337 2140 1398 huic

162 1431 386 1481 nostrae
417 1421 702 1482 ambitioni
742 1420 921 1481 dicam
961 1441 1029 1482 an
1071 1422 1321 1500 dignitati
1368 1424 1815 1485 constantissime
1856 1421 2137 1502 praetulit.

92 1516 146 1567 15
158 1504 341 1566 Habet
381 1507 559 1564 aviam
602 1514 901 1566 maternam
940 1507 1232 1566 Serranam
1265 1506 1556 1567 Proculam
1586 1527 1618 1567 e
1650 1508 1952 1586 municipio
1983 1505 2139 1567 Pata·
2151 1514 2184 1568 6

159 1592 309 1651 vino.
354 1588 519 1650 Nosti
545 1589 661 1649 loci
688 1608 904 1650 mores:
935 1590 1175 1650 Serrana
1204 1600 1388 1651 tamen
1415 1590 1688 1653 Patavinis
1717 1609 1942 1669 quoque
1972 1610 2137 1652 seve·

160 1675 336 1733 ritatis
366 1671 688 1751 exemplum
714 1683 825 1735 est.
869 1672 1118 1752 Contigit
1146 1683 1205 1734 et
1233 1673 1541 1734 avunculus
1566 1677 1619 1735 ei
1649 1674 1708 1734 P.
1738 1672 1979 1752 Acilius,
2012 1694 2137 1772 gra·

161 1760 331 1818 vitate
370 1757 673 1836 prudentia
707 1757 818 1817 fide
859 1775 1039 1837 prope
1081 1757 1368 1835 singulari.
1424 1757 1490 1818 In
1514 1775 1757 1834 summa,
1784 1757 1918 1817 nihil
1947 1762 2053 1818 erit
2082 1761 2137 1818 in

162 1841 330 1902 domo
369 1851 488 1901 tota
529 1839 680 1919 quod
717 1859 829 1901 non
875 1843 975 1902 tibi
1016 1851 1292 1919 tamquam
1337 1843 1392 1900 in
1437 1851 1529 1902 tua
1568 1841 1812 1920 placeat.
1876 1841 2185 1902 Aciliano7

89 1938 298 1991 20vero
327 1928 436 2006 ipsi
468 1922 763 2005 plurimum
794 1929 1007 2005 vigoris
1047 1926 1386 2003 industriae,
1444 1932 1773 2005 quamquam
1810 1926 1866 1983 in
1904 1927 2138 1987 maxima

107 2029 117 2040 ·
159 2011 523 2071 verecundia.
598 2009 967 2083 Quaesturam
1006 2010 1341 2071 tribunatum
1377 2021 1693 2089 praeturam
1741 2007 2137 2069 honestissime

161 2096 515 2174 percucurrit
556 2113 625 2154 ac
659 2097 767 2154 iam
794 2113 899 2174 pro
939 2115 1004 2157 se
1033 2096 1133 2155 tibi
1169 2096 1572 2156 necessitatem
1600 2093 1875 2154 ambiendi
1905 2093 2135 2153 remisit.

159 2179 263 2240 Est
290 2178 373 2239 illi
403 2179 583 2241 facies
614 2177 887 2256 liberalis,
917 2180 1092 2240 multo
1119 2181 1392 2257 sanguine
1409 2225 1428 2257 ,
1457 2177 1632 2239 multo
1665 2177 1874 2238 rubore
1903 2176 2185 2255 suffusa‚8

158 2273 248 2323 est
287 2267 533 2342 ingenua
571 2265 745 2324 totius
787 2266 1043 2344 corporis
1084 2263 1443 2344 pulchritudo
1476 2273 1536 2323 et
1575 2262 1794 2342 quidam
1821 2263 2135 2322 senatorius

88 2347 354 2415 25decor.
405 2347 564 2421 Quae
594 2366 707 2426 ego
735 2366 1083 2427 nequaquam
1110 2350 1352 2409 arbitror
1375 2346 1762 2426 neglegenda:
1793 2345 1965 2407 debet
1992 2347 2138 2406 enim

159 2432 269 2492 hoc
288 2434 532 2494 castitati
558 2432 869 2511 puellarum
894 2435 1052 2513 quasi
1069 2435 1376 2512 praemium
1398 2433 1532 2494 dari.
1572 2431 1787 2493 Nescio
1810 2449 1879 2490 an
1902 2430 2135 2491 adiciam
2150 2437 2183 2492 9

159 2535 294 2577 esse
324 2518 471 2597 patri
499 2518 620 2576 eius
650 2515 862 2595 amplas
892 2516 1211 2578 facultates.
1254 2516 1394 2577 Nam
1417 2535 1543 2577 cum
1574 2518 1846 2595 imaginor
1872 2531 1978 2576 vos
2017 2516 2139 2594 qui-

157 2601 262 2662 bus
294 2602 616 2680 quaerimus
646 2619 952 2679 generum,
994 2601 1273 2663 silendum
1305 2602 1377 2662 de
1406 2601 1762 2662 facultatibus
1791 2610 1961 2677 puto:
2014 2616 2141 2658 cum

155 2684 422 2764 publicos
450 2702 640 2746 mores
662 2694 832 2764 atque
864 2688 1030 2746 etiam
1056 2685 1224 2764 leges
1254 2686 1490 2746 civitatis
1524 2687 1769 2759 intueor,
1794 2701 1936 2761 quae
1967 2681 2062 2741 vel
2083 2683 2138 2740 in

82 2772 351 2849 30primis
383 2788 588 2831 census
629 2768 910 2830 hominum
936 2770 1282 2848 spectandos
1312 2769 1679 2845 arbitrantur,
1721 2785 1792 2825 ne
1829 2766 1888 2825 id
1916 2765 2138 2844 quidem

156 2854 629 2933 praetereundum
662 2853 900 2915 videtur.
966 2852 1042 2914 Et
1072 2872 1211 2915 sane
1254 2854 1325 2914 de
1365 2855 1615 2933 posteris
1657 2860 1714 2911 et
1754 2850 1841 2909 his
1884 2849 2138 2928 pluribus

156 2940 431 3016 cogitanti
469 2938 562 2999 hic
604 2956 831 3019 quoque
859 2940 916 2999 in
947 2938 1358 2999 conditionibus
1388 2935 1705 3016 deligendis
1727 2933 2023 3014 ponendus
2050 2942 2141 2994 est

154 3021 432 3083 calculus.
473 3021 556 3082 'ru
583 3022 828 3085 fortasse
848 3042 939 3083 me
969 3033 1138 3102 putes
1164 3021 1469 3083 indulsisse
1496 3022 1668 3081 amori
1695 3036 1824 3078 meo
1855 3035 2139 3097 supraque
2157 3029 2223 3080 ιο

150 3108 261 3168 ista
282 3124 451 3187 qnam
481 3123 579 3167 res
608 3109 814 3185 patitur
838 3107 1155 3169 sustulisse.
1228 3107 1306 3166 At
1335 3124 1447 3183 ego
1480 3104 1590 3165 lide
1616 3122 1743 3163 mea
1769 3103 2026 3183 spondeo
2053 3100 2137 3159 fu·

77 3198 140 3253 3³
152 3199 338 3251 turum
366 3199 427 3251 ut
462 3192 644 3251 omnia
682 3190 856 3270 longe
894 3192 1163 3271 ampliora
1191 3208 1356 3270 quam
1383 3208 1416 3250 a
1446 3208 1536 3249 me
1564 3186 1998 3267 praedicantur
1981 3204 2136 3245 mve-

154 3277 293 3336 nias.
338 3274 534 3353 Diligo
559 3276 784 3354 quidem
804 3276 1227 3342 adulescentem
1248 3274 1659 3348 ardentissime,
1690 3273 1837 3332 sicut
1864 3279 2136 3336 meretum

155 3359 262 3419 sed
290 3359 403 3420 hoc
431 3362 616 3440 ipsum
648 3362 876 3422 amantis
906 3369 1017 3438 est,
1047 3378 1157 3420 non
1187 3376 1423 3420 onerare
1453 3376 1579 3418 eum
1607 3355 1880 3416 laudibus.
1941 3352 2099 3413 Vale.
