2467 3850
783 143 1303 208 PANEGYRICUS
1341 153 1622 208 12.13.14.
2068 145 2192 209 247

222 311 325 355 cer
350 295 556 356 virtute
581 295 813 357 militum
840 304 900 357 et
926 296 1138 374 laetus,
1181 299 1442 375 quotiens
1471 306 1565 357 aut
1595 296 1798 357 cassidi
1827 307 1954 358 tuae
1976 307 2069 358 aut
2092 299 2191 358 cli·

219 395 337 457 peo
365 381 593 455 gravior
618 381 766 441 ictus
800 381 1104 450 incideret;
1155 380 1445 457 (laudabas
1474 383 1685 459 quippe
1714 380 2019 459 ferientes»,
2061 382 2190 442 hor·

219 462 542 540 tabarisque
569 472 630 522 ut
656 463 957 541 auderent,
991 474 1048 524 et
1076 464 1353 525 audebant
1380 465 1516 542 iam)
1541 482 1665 523 cum
1687 474 1975 543 spectator
1999 465 2190 525 mode-

220 555 485 624 ratorque
529 549 828 607 ineuntium
864 549 1160 610 certamina
1188 550 1431 607 virorum
1459 565 1604 606 arma
1636 564 1991 627 conponeres
2009 593 2028 625 ,
2078 548 2192 608 tela

169 638 559 706 5temptares,
601 649 668 691 ac
700 632 748 693 si
778 630 927 708 quod
955 630 1141 692 durius
1171 631 1471 709 accipienti
1497 630 1813 709 videretur,
1855 632 1981 709 ipse
2009 632 2188 691 vibra-

216 731 333 772 res.
391 711 536 786 Quid
567 731 693 774 cum
725 714 991 775 solacium
1018 715 1224 793 fessis,
1256 717 1443 791 aegris
1474 732 1642 792 opem
1670 711 1893 776 ferres?
1936 714 2063 775 Nou
2090 716 2190 775 tibi

215 798 388 856 moris
434 805 527 856 tua
565 798 705 857 inire
750 800 1019 875 tentoria,
1068 800 1174 858 uisi
1217 798 1653 859 commilitonum
1692 808 1819 858 ante
1859 797 2185 875 lustrasses‚

215 897 327 938 nec
352 882 604 957 requiem
642 884 867 960 corpori
897 884 1002 942 nisi
1044 890 1174 959 post
1207 900 1403 942 omnes
1432 881 1583 941 dare.
1651 880 1769 941 Hac
1794 883 1926 942 mihi
1959 882 2186 941 admira-

215 964 370 1022 tione
399 963 599 1040 dignns
626 966 927 1043 imperator
946 984 1060 1028 nou
1082 964 1397 1043 videretur,
1429 967 1478 1025 si
1503 967 1648 1023 inter
1666 964 1954 1026 Fabricios
1984 975 2043 1025 et
2065 965 2186 1025 Sci-

126 1054 200 1105 lo
215 1048 418 1124 piones
446 1057 504 1107 et
535 1045 800 1110 Camillos
828 1049 953 1109 talis
984 1057 1158 1109 esset.
1216 1048 1373 1109 Tunc
1401 1049 1547 1109 euim
1574 1048 1728 1108 illum
1753 1050 2069 1110 imitationis
2100 1067 2184 1108 ar·

212 1128 317 1188 dor
343 1146 681 1209 semperque
708 1131 906 1193 melior
933 1132 1133 1211 aliquis
1168 1133 1528 1195 accenderet.
1573 1131 1871 1211 Postquam
1900 1150 2038 1191 vero
2071 1141 2183 1192 stu·

212 1212 361 1272 dium
396 1231 671 1273 armorum
708 1234 742 1275 a
775 1217 1026 1277 manibus
1067 1216 1136 1276 ad
1178 1216 1412 1293 ocuIOS,
1461 1214 1531 1284 ad
1558 1215 1902 1294 voluptatem
1927 1234 1959 1275 a
1987 1215 2180 1275 labore

208 1295 530 1358 translatum
557 1307 675 1367 est;
718 1310 1016 1378 postquam
1057 1299 1550 1361 exercitationibus
1589 1301 1796 1360 nostris
1825 1316 1936 1359 non
1963 1308 2180 1358 vetera-

210 1397 409 1440 norum
434 1382 666 1459 aliquis,
701 1385 791 1442 cui
814 1383 990 1443 decus
1010 1382 1234 1444 muralis
1257 1393 1351 1444 aut
1374 1385 1550 1442 civica
1566 1429 1583 1461 ,
1618 1382 1721 1443 sed
1736 1381 2042 1444 Graeculus
2068 1400 2180 1441 ma-

125 1474 193 1525 15
212 1466 390 1540 gister
427 1464 673 1525 adsistit:
723 1484 886 1544 quam
921 1484 1178 1542 magnum
1217 1475 1337 1544 est,
1389 1484 1554 1526 unum
1592 1485 1667 1526 ex
1704 1467 1961 1527 omnibus
1999 1468 2179 1544 patrio

210 1564 402 1624 more,
436 1550 612 1626 patria
639 1552 841 1608 virtute
871 1547 1093 1626 laetari,
1119 1559 1177 1609 et
1204 1551 1326 1610 sine
1356 1548 1608 1625 aemu10‚
1641 1552 1761 1610 siue
1795 1549 2058 1630 exemplo
2088 1568 2178 1612 se·

211 1648 339 1689 cum
369 1642 622 1708 certare,
665 1649 859 1692 secum
889 1632 1266 1706 contendere,
1314 1650 1382 1691 ac
1411 1634 1558 1690 sieut
1589 1635 1822 1710 imperat
1851 1632 2041 1711 solus,
2084 1649 2177 1691 so-

209 1711 321 1772 lum
348 1716 423 1774 ita
463 1733 595 1776 esse
625 1717 719 1793 qui
749 1714 951 1775 debeat
978 1713 1289 1792 imperare!
1374 1713 1502 1773 Non
1530 1715 1861 1776 incunabula
1889 1715 2031 1776 haec
2055 1716 2175 1793 tibi,
2202 1716 2281 1780 14

210 1795 452 1874 Caesar,
485 1808 544 1859 et
570 1797 911 1874 rudimenta,
942 1815 1068 1858 cum
1096 1816 1239 1876 puer
1267 1796 1559 1857 admodum
1580 1796 1835 1857 Parthica
1864 1796 2022 1859 lauro
2049 1799 2175 1875 glo·

117 1880 342 1944 20riam
369 1883 543 1959 patris
583 1899 823 1959 augeres
863 1898 1178 1961 nomenque
1218 1880 1528 1943 Germanici
1567 1882 1675 1940 iam
1712 1890 1826 1941 tum
1865 1899 2175 1960 mererere,

205 1982 333 2024 cum
361 1965 627 2024 ferociam
669 1967 1101 2044 superbiamque
1142 1967 1502 2026 barbarorum
1541 1984 1616 2024 ex
1658 1966 1916 2043 proximo
1961 1963 2175 2024 auditus

200 2064 403 2124 magno
443 2058 660 2109 terrore
702 2049 1033 2127 cohiberes,
1084 2049 1455 2127 Rhenumque
1496 2057 1555 2108 et
1582 2047 1906 2126 Euphraten
1948 2048 2176 2108 admira-

199 2132 368 2191 tionis
413 2141 541 2192 tuae
582 2133 855 2193 societate
898 2129 1315 2210 coniungeres?
1370 2152 1496 2193 cum
1538 2132 1733 2193 orbem
1768 2141 2036 2191 terrarum
2065 2149 2176 2191 uon

200 2213 441 2313 pedibus
481 2218 658 2293 magis
699 2234 868 2297 quam
899 2216 1154 2277 laudibus
1191 2234 1560 2297 peragrares,
1614 2215 1763 2294 apud
1807 2233 1909 2275 eos
1949 2233 2176 2294 semper

113 2300 376 2364 25maior
402 2308 460 2359 et
490 2298 691 2360 clarior
719 2301 920 2379 quibus
950 2311 1151 2380 postea
1184 2297 1569 2378 contigisses?
1623 2299 1698 2360 Et
1725 2299 1964 2360 necdum
1995 2301 2171 2377 impe·

198 2390 381 2459 rator,
412 2383 651 2443 necdum
682 2384 771 2444 dei
801 2384 945 2444 filius
975 2404 1121 2446 eras.
1169 2384 1512 2446 Germaniam
1540 2383 2014 2463 Hispaniamque
2049 2402 2173 2443 cum

197 2464 468 2543 plurimae
496 2477 699 2543 gentes
727 2486 794 2528 ac
824 2486 1006 2565 prope
1025 2470 1233 2530 infinita
1254 2471 1482 2529 vastitas
1513 2469 1890 2528 interiacentis
1921 2465 2029 2527 soli
2061 2477 2171 2527 tum

196 2546 549 2627 Pyrenaeus,
580 2550 794 2628 Alpes,
824 2554 1171 2630 inmensique
1200 2551 1294 2612 alii
1320 2562 1574 2628 monteS,
1615 2551 1832 2611 nisibis
1862 2568 2170 2628 conparen-

195 2638 316 2708 tur,
358 2634 604 2693 muniunt
635 2633 1021 2713 dirimuntque.
1088 2635 1196 2694 Per
1231 2636 1345 2696 hoc
1374 2653 1535 2695 omne
1568 2636 1805 2713 spatium
1837 2652 1962 2693 cum
1989 2632 2168 2709 legio-

107 2730 301 2784 3ones
329 2714 568 2774 duceres
599 2734 701 2776 seu
729 2718 914 2795 potius
944 2719 1122 2794 (tanta
1151 2718 1427 2778 velocitas
1459 2727 1603 2792 erat)
1635 2735 1901 2795 raperes,
1933 2733 2044 2774 non
2070 2733 2167 2774 ve·

195 2796 442 2857 hiculum
468 2816 758 2876 umquam,
786 2816 897 2858 non
930 2817 1135 2877 equum
1159 2801 1484 2878 respexisti.
1542 2799 1707 2859 Levis
1736 2799 1862 2874 hic,
1896 2816 2009 2857 non
2038 2797 2166 2857 sub-

194 2881 403 2942 sidium
424 2882 637 2941 itineris
668 2882 771 2942 sed
801 2881 1022 2960 decus,
1061 2894 1121 2942 et
1161 2901 1287 2943 curn
1330 2884 1548 2943 ceteris
1575 2881 2053 2959 subsequebatur,
2107 2891 2166 2940 ut

195 2967 355 3025 cuius
383 2964 567 3025 nullus
600 2966 697 3025 tibi
727 2983 894 3042 usus,
924 2967 1030 3026 uisi
1059 2983 1186 3025 cum
1213 2965 1304 3025 die
1334 2967 1656 3025 stativorum
1679 2967 1988 3043 proximum
2020 2982 2164 3023 cam·

194 3066 325 3128 pum
359 3047 643 3109 alacritate
674 3047 928 3111 discursu
956 3048 1191 3127 pulvere
1220 3048 1529 3109 attolleres.
1586 3049 1803 3109 Initium
1831 3046 2037 3109 laboris
2064 3051 2162 3108 mi·

103 3141 174 3196 35
192 3150 287 3192 rer
312 3151 381 3193 an
412 3130 617 3192 finem?
655 3131 887 3193 Multum
916 3143 1004 3194 est
1033 3133 1183 3212 quod
1207 3135 1618 3211 perseverasti,
1652 3131 1780 3210 plus
1804 3142 1985 3192 tamen
2014 3133 2163 3210 quod

189 3234 301 3276 non
330 3218 558 3278 timuisti
586 3236 657 3276 ne
688 3235 1058 3295 perseverare
1092 3235 1204 3277 non
1235 3234 1460 3295 posses·
1516 3216 1640 3277 Nec
1683 3216 1875 3276 dubito
1904 3218 2032 3294 quin
2063 3216 2161 3275 ille

191 3302 285 3376 qui
317 3309 371 3359 te
405 3303 548 3360 inter
584 3300 679 3360 illa
710 3300 1033 3362 Germaniae
1064 3301 1215 3361 bella
1252 3302 1322 3361 ab
1349 3301 1610 3380 Hispania
1640 3318 1819 3379 usque
1848 3310 1907 3360 ut
1936 3299 2158 3359 validis-

187 3384 385 3444 simum
424 3385 762 3462 praesidium
802 3386 1121 3466 exciverat,
1180 3389 1331 3446 iners
1373 3387 1494 3465 ipse
1529 3384 1839 3463 alienisque
1867 3383 2162 3443 virtutibus
