2467 3850
750 172 1269 235 EPISTULARUM
1295 172 1406 234 III.⁴
1440 183 1491 238 6.
2036 177 2121 240 49

129 326 192 388 ln
218 327 424 387 itinere
457 329 615 405 quasi
645 325 863 387 solutus
890 327 1096 386 ceteris
1126 329 1276 387 curis
1304 325 1434 386 huic
1465 328 1557 387 uni
1583 328 1845 388 vacabat:
1874 326 1944 388 ad
1971 326 2117 393 latus
2136 345 2201 396 15

125 414 377 473 notarius
408 428 535 470 cum
558 411 703 470 libro
732 419 791 470 et
818 409 1220 488 pugillaribus,
1265 412 1424 470 cuius
1451 428 1644 472 manus
1673 410 1858 470 bieme
1886 415 2117 474 manicis

128 495 537 571 muniebantur,
572 503 723 554 utne
748 493 891 553 caeli
916 492 1143 572 quidem
1166 496 1440 572 asperitas
1467 493 1639 554 ullum
1667 493 1864 555 studiis
1894 505 2117 573 tempus

1 651 3 656 y
130 581 412 657 eriperet;
461 596 570 656 qua
610 596 686 638 ex
728 594 897 638 causa
935 576 1148 637 Romae
1191 594 1420 657 quoque
1460 577 1602 639 sella
1634 579 1960 638 vehebatur.
2005 579 2118 640 Re·
2139 595 2203 648 16

83 672 268 806 ³913?
287 680 475 807 1:352?
480 680 609 805 ‘1³12‘ss
611 661 889 824 ἱῖἰὲθῖἓ»
907 662 1303 824 fssffisssziezssss'
1305 661 1736 823 ffiffim‘ffl
1740 663 2121 807 255121-2223‘3

130 829 285 908 quod
326 829 525 890 studiis
565 846 678 890 non
713 827 1132 907 inpenderetur.
1194 826 1314 888 Hac
1353 831 1662 889 intentione
1705 838 1787 890 tot
1825 832 1933 890 ista
1961 830 2204 897 volu-17

131 916 276 973 mina
332 915 559 992 peregit
610 910 1035 990 electorumque
1079 914 1508 974 commentarios
1560 923 1784 973 centum
1832 916 2124 991 sexaginta

131 997 263 1056 mihi
292 997 552 1075 reliquit,
592 996 1070 1074 opisthographos
1098 995 1324 1074 quidem
1350 1006 1409 1056 et
1436 997 1802 1057 minutissime
1845 999 2123 1076 scriptos;

52 1092 119 1144 10
135 1099 244 1160 qua
271 1082 489 1141 ratione
519 1078 918 1159 multiplicatur
936 1080 1026 1139 bic
1047 1098 1332 1139 numerus.
1377 1077 1684 1153 Referebat
1711 1082 1838 1160 ipse
1867 1083 2156 1160 potuisse-

135 1185 234 1240 se,
282 1181 411 1225 cum
457 1173 787 1241 procuraret
825 1167 880 1222 in
921 1162 1217 1242 Hispania,
1269 1163 1517 1223 vendere
1554 1163 1661 1224 bos
1695 1168 2123 1227 commentarios

134 1248 339 1324 Lai-gio
364 1246 554 1307 Licino
579 1247 1241 1325 quadringentisssmilibus
1270 1249 1568 1324 nummum,
1597 1257 1655 1308 et
1683 1257 1815 1308 tunc
1840 1249 2123 1327 aliquanto

136 1334 438 1411 pauciores
462 1342 634 1393 erant.
671 1329 872 1391 Nonne
896 1329 1116 1391 videtur
1135 1331 1236 1392 tibi
1263 1331 1581 1392 recordanti
1608 1343 1869 1409 quantum
1895 1332 2122 1411 legerit,
2144 1346 2210 1398 18

137 1426 405 1494 quantum
433 1416 761 1493 scripserit,
803 1433 912 1475 nec
941 1417 997 1474 in
1032 1414 1236 1476 officiis
1266 1414 1395 1477 ullis
1423 1434 1533 1475 nec
1560 1418 1617 1475 in
1648 1418 1888 1476 amicitia
1917 1419 2124 1496 princi·

61 1516 120 1567 15
136 1502 226 1579 pis
254 1499 471 1574 fuisse,
509 1517 737 1576 rursus,
783 1516 909 1557 cum
949 1498 1108 1558 audis
1145 1499 1279 1577 quid
1319 1499 1516 1560 studiis
1549 1499 1758 1561 laboris
1786 1500 2126 1578 inpenderit,

136 1602 248 1650 nec
277 1584 583 1661 scripsisse
616 1586 751 1643 satis
778 1600 889 1642 nec
916 1580 1175 1661 legisse?
1225 1582 1372 1656 Quid
1411 1592 1499 1643 est
1536 1585 1683 1643 enim
1713 1584 1864 1661 quod
1892 1602 2005 1645 non
2034 1594 2128 1645 aut

138 1667 269 1727 illae
313 1668 724 1745 occupationes
763 1666 1019 1745 inpedire
1051 1676 1144 1727 aut
1174 1666 1319 1727 haec
1357 1668 1616 1728 instantia
1641 1685 1753 1726 non
1791 1672 1975 1745 possit
2004 1668 2126 1728 effi-

140 1748 320 1811 cere?
362 1750 558 1828 Itaque
587 1749 753 1811 soleo
780 1750 968 1810 ridere
985 1796 1002 1827 ,
1033 1767 1160 1809 cum
1187 1768 1278 1809 me
1312 1750 1535 1827 quidam
1566 1750 1874 1811 studiosum
1897 1762 2124 1829 vocant,
2145 1761 2212 1813 19

139 1836 261 1913 qui,
292 1836 342 1894 si
370 1851 665 1913 comparer
692 1833 795 1912 illi,
825 1852 949 1894 sum
976 1832 1471 1893 desidiosissimus.
1528 1833 1657 1910 Ego
1683 1841 1866 1893 autem
1894 1844 2125 1911 tantum,

63 1932 312 1999 2oquem
340 1920 539 1998 partim
567 1917 792 1997 publica
821 1918 1020 1998 partim
1047 1919 1350 1978 amicorum
1385 1917 1572 1978 officia
1595 1915 1967 1994 distringunt?
2003 1920 2128 1996 quis

139 2022 216 2064 ex
255 2005 381 2063 istis
423 2004 517 2081 qui
557 2012 677 2064 tota
714 2005 827 2063 vita
867 2001 1070 2063 litteris
1111 2002 1368 2063 adsident
1413 2000 1652 2062 collatus
1693 2000 1775 2060 illi
1816 2019 1933 2060 non,
1969 2003 2128 2079 quasi

139 2104 339 2147 somno
369 2096 428 2148 et
454 2088 691 2147 inertiae
724 2086 943 2147 deditus
971 2082 1314 2146 erubescat?
1356 2084 1600 2146 Extendi
1629 2084 1955 2164 epistulam,
2004 2104 2128 2145 cum
2147 2094 2216 2147 20

139 2170 254 2231 boc
281 2170 467 2232 solum
501 2170 652 2249 quod
676 2171 1008 2249 requirebas
1036 2171 1292 2230 scribere
1319 2169 1724 2246 destinassem,
1770 2186 1914 2247 quos
1955 2168 2130 2230 libros

143 2255 503 2333 reliquisset:
557 2254 779 2314 confido
820 2264 1005 2314 tamen
1041 2253 1186 2314 baec
1221 2271 1448 2332 quoque
1487 2254 1587 2313 tibi
1628 2272 1739 2314 non
1766 2255 1945 2313 minus
1974 2262 2131 2332 grata

66 2344 126 2397 25
147 2357 316 2417 quam
346 2341 505 2416 ipsos
533 2337 708 2398 libros
735 2339 939 2414 futura,
971 2356 1113 2415 quae
1137 2347 1196 2397 te
1225 2355 1341 2397 non
1363 2348 1579 2399 tantum
1609 2338 1678 2398 ad
1708 2337 1986 2414 legendos
2028 2349 2133 2398 eos

142 2441 340 2483 verum
368 2424 535 2483 etiam
561 2422 630 2482 ad
659 2421 842 2483 simile
881 2421 1090 2499 aliquid
1119 2422 1514 2484 elaborandum
1545 2432 1784 2501 possunt
1810 2420 2131 2483 aemulatio·

142 2510 229 2567 nis
260 2505 502 2567 stimulis
531 2508 801 2567 excitare.
846 2503 1007 2565 Vale.

1099 2638 1197 2700 VI.

71 2769 131 2823 30
593 2738 645 2789 c,
681 2739 930 2791 Pmes
965 2738 1162 2789 ANNIO
1197 2738 1450 2789 SEVERO
1481 2737 1600 2789 suo
1636 2736 1690 2793 s,

210 2879 223 2902 -.
267 2840 364 2902 Ex
399 2840 715 2903 hereditate
744 2860 889 2921 quae
924 2843 1055 2903 mihi
1085 2842 1318 2902 obvenit
1353 2842 1463 2902 emi
1490 2843 1749 2920 proxime
1790 2837 2135 2903 Corinthium
2161 2857 2181 2906 1

146 2927 391 3003 signum,
422 2926 701 2986 modicum
731 2926 956 3005 quidem
983 2926 1087 2986 sed
1109 2926 1374 2986 festivum
1404 2936 1462 2985 et
1491 2942 1844 3004 expressum,
1875 2934 2138 3002 quantum

148 3006 263 3087 ego
290 3012 450 3089 sapio
468 3056 486 3087 ,
519 3013 613 3089 qui
641 3011 883 3072 fortasse
914 3012 972 3069 in
994 3012 1142 3070 omni
1170 3028 1234 3069 re
1252 3055 1271 3087 ,
1313 3010 1369 3067 in
1398 3008 1504 3069 hac
1534 3016 1691 3068 certe
1763 3010 1991 3086 erquam
2022 3010 2138 3069 exi-

54 3119 73 3129 ·
149 3112 327 3194 Q
367 3097 557 3173 sapio:
608 3095 721 3155 hoc
763 3105 951 3155 tamen
993 3096 1214 3171 signum
1254 3110 1367 3169 ego
1411 3109 1637 3171 quoquc
1680 3093 1734 3151 in
1760 3087 1972 3169 allego}
2036 3091 2192 3157 Est2

72 3186 299 3240 35emm
322 3177 536 3238 nudum
562 3198 672 3239 nec
705 3189 798 3239 aut
824 3180 990 3254 vitia,
1022 3181 1070 3237 si
1100 3195 1208 3255 qua
1242 3185 1390 3252 sunt,
1423 3175 1572 3236 celat
1602 3183 1695 3235 aut
1720 3173 1916 3237 laudes
1945 3193 2138 3253 parum

154 3270 445 3326 ostentatz.
467 3262 689 3340 effingit
718 3280 913 3323 senem
944 3270 1209 3329 stantem
1251 3278 1402 3336 ossa,
1434 3258 1693 3336 musculi,
1727 3262 1904 3336 nervi,
1934 3279 2138 3335 venae,

155 3417 161 3422 ,
360 3349 530 3408 etiam
557 3357 618 3407 ut
648 3347 907 3428 spirantis
935 3354 1229 3424 apparent,
1259 3346 1367 3405 rari
1402 3354 1459 3418 et
1490 3343 1768 3410 cedentes,
1788 3339 1999 3422 capilli,
2032 3335 2142 3403 lata

122 3361 333 3510 ἢ
362 3441 654 3508 contracta
686 3432 887 3506 facies,
925 3430 1077 3491 exile
1109 3428 1337 3507 collum,
1368 3427 1616 3507 pendent
1646 3427 1866 3571 laceffi’
1897 3425 2140 3505 papillae

234 3519 378 3575 Pum
419 3520 518 3575 Ep,
