2467 3850
752 203 1278 269 PANEGYRICUS
1305 214 1392 269 34.
1417 216 1504 270 35.
1530 216 1618 272 36.
2041 208 2166 273 250

174 360 472 438 iratosque
506 357 711 419 fluctus
743 362 940 438 sequi,
994 375 1382 441 quoscumque
1422 362 1477 420 in
1508 357 1780 437 scopulos
1809 358 2161 423 detulissent.

174 443 409 503 Iuvabat
437 454 808 521 prospectare
836 444 1019 503 statim
1048 463 1078 503 a
1105 455 1271 521 portu
1297 461 1492 524 sparsa
1518 446 1740 521 navigia
1762 453 1821 504 et
1850 445 1997 522 apud
2027 446 2165 506 illud

175 530 361 606 ipsum
392 544 544 587 mare
573 545 743 604 agere
772 530 1013 606 principi
1042 531 1280 607 gratias,
1316 532 1412 609 qui
1438 529 1734 589 clementia
1768 547 1868 589 sua
1898 528 2051 590 salva
2082 530 2166 590 ul·

175 615 388 672 tionem
419 611 701 670 hominum
731 620 1126 690 terrarumque
1149 612 1254 672 diis
1282 616 1449 673 maris
1474 613 1942 673 commendasset.
1980 613 2163 685 Quan-

115 697 154 749 5
174 704 289 755 tum
312 695 606 756 diversitas
627 704 947 773 temporum
969 706 1168 774 posset
1192 705 1309 757 tum
1329 699 1561 756 maxime
1586 698 1870 773 cognitum
1895 707 2004 773 est,
2039 714 2163 756 cum

172 778 354 839 isdem
398 780 600 856 quibus
632 789 793 840 antea
826 780 1080 840 cautibus
1108 782 1596 842 innocentissimus
1625 783 1864 859 quisque
1894 799 2044 840 nunc
2064 800 2164 842 no·

175 864 532 923 centissimus
560 862 917 942 affigeretur,
952 882 1188 943 cumque
1219 865 1430 925 insulas
1455 882 1681 941 omneS,
1716 883 1851 943 quas
1877 865 2042 924 modo
2065 885 2158 926 se·

170 956 425 1006 natorum
444 993 461 1024 ,
506 950 611 1006 iam
642 946 952 1007 delatorum
982 949 1141 1009 turba
1172 948 1496 1029 conpleret;
1539 966 1681 1026 quos
1713 948 1936 1026 quidem
1963 967 2072 1008 non
2105 952 2161 1009 in

171 1048 447 1108 praesens
477 1040 680 1090 tantum
713 1033 817 1092 sed
850 1035 906 1091 in
940 1040 1226 1092 aeternum
1253 1034 1610 1112 repressisti,
1655 1035 1709 1092 in
1737 1032 1829 1092 illa
1859 1050 2160 1111 poenarum

84 1121 154 1174 10
169 1114 430 1191 indagine
474 1114 741 1175 inclusos.
824 1114 1096 1195 Ereptum
1148 1117 1362 1178 alienas
1402 1119 1670 1196 pecunias
1713 1127 1872 1185 eunt;
1928 1116 2162 1194 perdant

171 1217 311 1277 quas
341 1198 574 1259 habent:
628 1198 921 1278 expellere
952 1202 1250 1279 penatibus
1280 1204 1555 1279 gestiunt;
1607 1202 1723 1261 suis
1761 1201 2157 1261 exturbentur:

168 1290 359 1361 neque
381 1328 397 1360 ,
441 1291 500 1341 ut
531 1292 691 1343 antea
710 1330 726 1362 ,
770 1302 1117 1363 exsanguem
1149 1285 1301 1345 illam
1331 1296 1388 1347 et
1426 1286 1661 1344 ferream
1693 1285 1935 1345 frontem
1964 1288 2159 1364 nequi·

171 1385 337 1445 quam
368 1365 871 1428 convulnerandam
901 1369 1209 1447 praebeant
1240 1371 1461 1448 punctis
1492 1373 1549 1428 et
1576 1379 1737 1429 notas
1766 1386 1897 1429 suas
1920 1369 2156 1447 rideant,

171 1450 279 1511 sed
309 1459 615 1529 expectent
645 1454 800 1530 paria
829 1456 1080 1531 praemio
1112 1453 1338 1529 damna,
1391 1469 1499 1512 nec
1540 1455 1782 1513 maiores
1827 1471 1964 1531 spes
1994 1471 2158 1531 quam

83 1545 154 1596 15
170 1544 352 1594 metus
385 1534 656 1611 habeant,
690 1539 1030 1613 timeantque
1068 1545 1328 1614 quantum
1358 1535 1711 1595 timebantur.
1783 1535 2004 1613 Ingenti
2037 1539 2158 1615 qui·

173 1618 301 1677 dem
332 1621 511 1677 animo
544 1617 707 1676 divus
725 1617 890 1694 ffitus
922 1621 1212 1679 securitati
1243 1626 1468 1677 nostrae
1497 1617 1804 1696 ultionique
1839 1637 2157 1698 prospexe-

167 1710 289 1779 rat,
337 1703 581 1780 ideoque
609 1702 922 1763 numinibus
954 1710 1221 1779 aequatus
1253 1710 1373 1772 est:
1428 1700 1531 1760 sed
1565 1712 1767 1779 quanto
1808 1712 1868 1761 tu
1909 1705 2157 1780 quando-

169 1804 281 1864 que
313 1786 535 1862 dignior
562 1786 757 1862 eae10,
793 1788 885 1864 qui
915 1793 998 1845 tot
1025 1802 1117 1843 res
1149 1784 1260 1842 illis
1291 1782 1549 1844 adiecisti
1573 1796 1808 1862 propter
1831 1803 1970 1863 quas
2000 1786 2157 1847 illum

170 1870 338 1930 deum
360 1867 630 1929 fecimus!
673 1868 735 1930 Id
762 1869 872 1930 hoc
895 1868 1070 1945 magis
1095 1867 1324 1928 arduum
1347 1868 1481 1946 fuit,
1512 1869 1664 1946 quod
1688 1872 1990 1947 imperator
2010 1868 2152 1929 Ner·

78 1968 272 2027 mira,
304 1962 360 2012 te
394 1953 542 2031 filio,
573 1962 630 2012 te
660 1970 1002 2014 successore
1033 1951 1424 2030 dignissimus,
1458 1970 1730 2031 perquam
1758 1969 1956 2028 magna
1982 1971 2152 2031 quae·

169 2038 294 2098 dam
334 2036 521 2096 edicto
551 2035 658 2096 Titi
695 2036 1078 2110 adstruxerat,
1122 2036 1371 2113 nihilque
1403 2036 1702 2116 reliquisse
1729 2037 1836 2095 nisi
1868 2036 1966 2095 tibi
1996 2037 2152 2097 vide·

165 2122 363 2197 batur,
410 2122 502 2199 qui
531 2129 643 2180 tam
670 2120 839 2179 multa
869 2121 1239 2196 excogitasti,
1284 2128 1344 2178 ut
1371 2122 1420 2181 si
1447 2131 1574 2180 ante
1605 2130 1662 2180 te
1703 2117 1838 2179 nihil
1873 2128 2031 2180 esset
2069 2122 2150 2180 in-

167 2213 413 2266 ventum.
456 2203 612 2278 Quae
642 2203 860 2280 singula
891 2212 1153 2283 quantum
1182 2205 1285 2263 tibi
1313 2207 1525 2281 gratiae
1559 2205 1881 2282 dispensata
1912 2203 2151 2265 adiecis-

168 2287 321 2348 sent!
393 2288 469 2348 At
498 2300 556 2348 tu
586 2288 745 2348 simul
776 2290 955 2349 omnia
988 2287 1320 2366 profudisti,
1373 2297 1433 2348 ut
1474 2288 1563 2348 sol
1606 2299 1664 2348 et
1702 2288 1824 2348 dies
1851 2306 1961 2347 non
1991 2296 2150 2367 parte

79 2385 151 2438 25
169 2373 351 2450 aliqua
380 2373 482 2432 sc‘d
504 2374 686 2432 statim
713 2381 863 2433 totus
882 2417 899 2450 ,
937 2390 1045 2433 nec
1068 2374 1161 2432 uni
1188 2381 1282 2433 aut
1308 2372 1470 2434 alteri
1501 2372 1605 2433 sed
1634 2373 1889 2433 omnibus
1917 2374 1971 2433 in
1996 2391 2146 2433 com-

165 2474 328 2516 mune
359 2456 658 2534 profertur.
1762 2526 1773 2537 ⁸

290 2540 465 2612 Quam
505 2541 655 2599 iuvat
699 2558 935 2599 cernere
980 2542 1253 2601 aerarium
1292 2541 1466 2602 silens
1500 2550 1557 2600 et
1597 2544 1847 2619 quietum
1889 2549 1946 2600 et
1974 2539 2140 2617 quale
2168 2550 2248 2611 36

163 2633 291 2683 ante
325 2622 608 2682 delatores
637 2622 783 2682 erat!
815 2622 977 2681 Nunc
998 2623 1263 2703 templum
1293 2616 1426 2684 illud
1444 2670 1461 2701 ,
1493 2642 1640 2683 nunc
1662 2643 1800 2683 vere
1824 2623 1963 2683 deus
1982 2668 1999 2699 ,
2030 2638 2146 2681 nou

168 2707 490 2785 spoliarium
529 2707 733 2765 civium
777 2715 1239 2785 cruentarumque
1274 2708 1599 2785 praedarum
1628 2723 1856 2766 saevum
1885 2714 2145 2782 recepta·

75 2795 150 2850 30
170 2790 386 2865 culum,
415 2807 483 2848 ac
508 2797 631 2847 toto
662 2789 717 2846 in
746 2787 884 2846 orbe
914 2797 1182 2847 terrarum
1212 2789 1392 2849 adhuc
1422 2790 1584 2849 locus
1608 2807 1748 2849 unus
1780 2791 1834 2846 in
1868 2804 1978 2865 quo
2001 2789 2144 2866 opti·

160 2892 253 2934 mo
286 2871 537 2950 principe
567 2871 698 2930 boni
731 2869 888 2931 malis
917 2872 1142 2948 inpares
1173 2882 1385 2933 essent.
1423 2868 1610 2931 Manet
1643 2880 1825 2931 tamen
1853 2871 2035 2930 honor
2062 2870 2141 2929 le·

162 2975 328 3035 gum,
369 2955 619 3033 nihilque
651 2974 721 3015 ex
746 2954 972 3033 publica
1001 2954 1241 3016 utilitate
1267 2955 1630 3029 convulsum,
1674 2971 1784 3013 nec
1813 2970 1997 3034 poena
2028 2955 2142 3013 cui·

165 3060 325 3120 quam
366 3041 635 3114 remissa,
682 3039 784 3099 sed
816 3038 998 3098 addita
1028 3047 1118 3099 est
1147 3038 1321 3117 ultio,
1372 3038 1667 3116 solumque
1694 3046 1957 3099 mutatum
1989 3038 2140 3116 quod

161 3126 270 3185 iam
299 3141 409 3183 non
438 3122 718 3183 delatores
748 3122 851 3182 sed
881 3122 1044 3199 leges
1082 3122 1361 3182 timentur.
1430 3123 1505 3182 At
1526 3121 1776 3182 fortasse
1805 3134 1916 3182 non'
1945 3122 2142 3183 eadem

72 3209 463 3274 35severitate
501 3207 695 3267 fiscum
740 3224 847 3284 qua
881 3206 1153 3267 aerarium
1196 3207 1456 3267 cohibes:
1506 3208 1672 3266 immo
1710 3216 1864 3268 tanto
1904 3208 2136 3281 maiore,

160 3301 367 3371 quanto
390 3290 517 3369 plus
547 3290 647 3350 tibi
677 3290 854 3350 licere
885 3290 955 3350 de
976 3300 1074 3351 tuo
1105 3307 1268 3368 quam
1298 3291 1368 3352 de
1394 3289 1631 3369 publico
1664 3290 1865 3352 credis.
1922 3290 2139 3351 Dicitur

159 3377 337 3436 actori
365 3384 533 3454 atque
562 3376 725 3434 etiarn
755 3376 1103 3452 procuratori
1131 3383 1228 3434 tuo
1260 3377 1339 3435 ‘in
1368 3376 1454 3435 ius
1479 3374 1638 3451 veni,
1671 3391 1914 3453 sequere
1942 3375 2010 3433 ad
2041 3375 2135 3432 tri-

158 3457 375 3522 bunal’.
430 3458 568 3520 Nam
598 3457 834 3519 tribunal
867 3475 1090 3538 quoque
1121 3461 1500 3538 excogitatum
1525 3459 1854 3605 pritiqipatui
1885 3467 2004 3533 est,
2036 3471 2137 3534 par
