2467 3850
293 169 417 233 212
891 168 957 228 C.
999 165 1188 229 PLINI
1226 165 1323 227 ET
1362 163 1671 227 TRAIANI

1032 319 1148 381 xl..
1193 315 1512 397 [mmm]

955 419 1282 470 TRAIANUS
1315 418 1525 470 PLINIO
1557 416 1609 470 S.

246 526 275 576 1
419 504 566 578 Quid
596 513 855 584 oporteat
896 505 1017 565 lieri
1054 507 1208 565 circa
1248 503 1522 564 theatrum
1564 502 1715 582 quod
1762 500 2082 562 inchoatum
2121 502 2275 581 apud

294 587 641 649 Nicaeenses
683 600 771 649 est
812 590 868 647 iu
906 607 968 648 re
1014 591 1299 669 praesenti
1341 589 1551 666 optime
1597 585 1934 648 deliberabis
1969 595 2026 645 et
2063 589 2273 647 cousti-

295 682 439 733 tues.
505 672 640 731 Mihi
676 673 921 733 sufficiet
953 673 1181 732 indicari
1223 674 1314 731 cui
1353 673 1667 732 sententiae
1708 672 2046 732 accesseris.
2113 669 2272 729 Tunc
2294 680 2327 730 ὁ

294 765 477 818 autem
506 774 538 816 a
569 759 796 835 privatis
821 757 973 833 exigi
1005 774 1179 836 opera
1208 756 1310 816 tibi
1350 773 1517 815 curae
1547 758 1642 833 sit,
1676 773 1804 814 cum
1819 753 2115 829 theatrum,
2139 772 2272 833 pro-

243 850 422 919 2pter
451 839 602 919 quod
641 839 736 900 illa
775 843 1049 919 promissa
1085 849 1243 916 sunt,
1293 838 1498 899 factum
1541 841 1666 899 erit.
1736 835 2047 913 Gymnasiis
2088 836 2273 896 indul-

296 932 432 1001 gent
473 921 763 993 Graeculi;
810 924 941 984 ideo
983 923 1215 985 forsitan
1260 922 1609 986 Nicaeenses
1654 924 1864 982 maiore
1909 925 2092 983 auimo
2138 938 2273 981 con·

294 1009 660 1068 structionem
698 1010 822 1070 eius
866 1008 1124 1086 adgressi
1159 1017 1317 1067 suut:
1361 1005 1466 1068 sed
1506 1015 1733 1087 oportet
1769 1006 1902 1067 illos
1936 1024 2008 1065 eo
2038 1016 2274 1066 couten-

243 1107 276 1159 3
294 1101 384 1152 tos
412 1110 544 1153 esse
577 1093 728 1171 quod
754 1095 937 1172 possit
958 1092 1040 1151 illi
1067 1091 1354 1152 sufficere.
1410 1089 1556 1163 Quid
1597 1089 2091 1169 Claudiopolitanis
2120 1092 2273 1149 circa
2295 1089 2362 1140 10

295 1175 609 1252 balineum,
646 1176 798 1255 quod
829 1194 1055 1255 parum,
1088 1186 1147 1236 ut
1176 1175 1415 1250 scribis,
1447 1175 1658 1235 idoneo
1684 1173 1817 1236 loco
1846 1175 2271 1251 inchoaverunt,

295 1258 633 1319 suadendum
674 1262 746 1320 sit
778 1270 838 1319 tu
880 1263 1210 1322 constitues.
1266 1259 1580 1319 Architecti
1619 1259 1719 1319 tibi
1762 1259 1969 1319 deesse
1999 1276 2111 1317 non
2138 1276 2274 1337 pos-

296 1352 444 1402 sunt.
506 1341 672 1403 Nulla
715 1346 1003 1421 provincia
1045 1354 1133 1405 est
1160 1360 1307 1421 quae
1336 1360 1448 1403 non
1474 1345 1693 1422 peritos
1726 1353 1785 1403 et
1812 1345 2139 1420 ingeniosos
2171 1343 2274 1401 ho·

294 1428 472 1485 mines
502 1426 732 1495 habeat;
775 1428 945 1487 modo
982 1446 1055 1488 ne
1099 1430 1391 1488 existimes
1420 1428 1650 1487 brevius
1674 1446 1809 1488 esse
1839 1429 1909 1488 ab
1940 1429 2079 1487 urbe
2106 1428 2270 1503 mitti,

299 1527 422 1568 cum
450 1528 525 1568 ex
553 1508 785 1571 Graecia
822 1514 987 1572 etiam
1018 1510 1089 1571 ad
1120 1529 1226 1571 nos
1253 1513 1449 1571 venire
1481 1510 1636 1572 soliti
1666 1514 1795 1573 sint.
2293 1505 2360 1556 15

1138 1624 1283 1687 XLI.
1399 1670 1413 1685 .

732 1725 789 1777 c,
822 1726 1069 1778 PLINIUS
1103 1625 1393 1779 ΤΒΑΙΑΝΠᾹ
1416 1628 1841 1779 ΙΜΡΕΒΑΤΟΒΙ.

249 1835 279 1887 1
422 1826 661 1889 Intuenti
688 1828 823 1888 mihi
852 1838 910 1889 et
938 1828 1195 1890 fortunae
1235 1839 1366 1891 tuae
1406 1840 1465 1891 et
1491 1831 1656 1890 animi
1684 1829 2114 1906 magnitudinem
2143 1845 2275 1887 con-

295 1913 770 1975 venientissimum
796 1912 1021 1974 videtur
1060 1912 1429 1976 demonstrari
1471 1933 1646 1995 opera
1683 1933 1795 1974 non
1827 1915 2005 1973 miuus
2033 1914 2270 1974 aeterni·
2291 1918 2362 1973 ΞΟ

296 2006 408 2058 tate
444 2008 535 2058 tua
579 2015 743 2075 quam
767 1997 955 2074 'gloria
996 1998 1163 2075 digna
1206 2009 1582 2078 quantumque
1612 1998 2040 2077 pulchritudiuis
2069 2007 2278 2057 tautum

243 2080 543 2142 2utilitatis
585 2080 854 2143 habitura.
924 2080 1029 2143 Est
1067 2086 1121 2142 in
1153 2082 1646 2145 Nicomedensium
1674 2083 1874 2144 finibus
1902 2080 2275 2160 amplissimus

297 2164 480 2225 lacus:
515 2182 620 2243 per
648 2165 798 2225 hune
829 2183 1101 2226 marmora
1130 2166 1345 2228 fructus
1375 2166 1527 2244 ligna
1548 2169 1812 2228 materiae
1836 2175 1893 2227 et
1916 2175 2140 2243 sumptu
2159 2181 2277 2223 mo·

295 2247 425 2308 dico
460 2258 519 2307 et
560 2248 758 2308 labore
810 2268 876 2310 us
919 2268 992 2310 ue
1037 2250 1108 2310 ad
1145 2252 1291 2311 viam
1330 2252 1600 2328 navibus,
1647 2250 1776 2314 inde
1815 2267 2017 2328 magno
2056 2250 2275 2324 labore,

294 2332 506 2391 maiore
537 2332 803 2409 inpendio
835 2268 1110 2395 vghiculis
1139 2336 1209 2396 ad
1236 2354 1389 2396 mare
1412 2336 1760 2397 devehuntur
1765 2377 1950 2393 .....
1981 2332 2107 2394 Hoc
2130 2351 2273 2411 opus
2293 2342 2360 2394 25

296 2414 497 2476 multas
540 2432 733 2477 manus
772 2419 992 2495 poscit:
1043 2428 1098 2479 at
1140 2437 1245 2480 eae
1285 2437 1456 2499 porro
1496 2438 1609 2480 non
1648 2419 1869 2481 desunt.
1942 2417 2082 2479 Nam
2123 2427 2181 2478 et
2222 2419 2277 2476 iu

296 2500 447 2576 agris
487 2516 687 2576 magua
732 2503 900 2579 eopia
938 2512 1028 2562 est
1060 2503 1342 2565 homiuum
1371 2514 1431 2564 et
1460 2507 1692 2564 maxima
1718 2505 1773 2563 in
1808 2505 2067 2577 civitate,
2099 2510 2277 2560 certa-

296 2601 406 2661 que
447 2600 583 2661 spes
630 2601 824 2646 omnes
863 2585 1234 2648 libentissime
1273 2588 1645 2665 adgressuros
1693 2606 1836 2668 opus
1880 2586 2135 2647 omnibus
2165 2584 2277 2644 fru-

245 2674 571 2729 3ctuosum.
640 2669 917 2748 Superest
962 2679 1023 2730 ut
1052 2681 1114 2730 tu
1155 2670 1479 2734 libratorem
1519 2671 1611 2732 vel
1654 2672 2052 2744 architectum,
2097 2672 2144 2730 si
2180 2669 2277 2732 tibi

296 2752 595 2829 videbitur,
627 2756 809 2814 mittas
843 2756 938 2832 qui
966 2752 1269 2831 diligenter
1296 2755 1557 2835 exploret
1587 2758 1733 2816 sitne
1755 2754 1912 2815 lacus
1934 2754 2099 2813 altior
2119 2755 2274 2828 mari.
2296 2763 2363 2820 30
2457 2747 2458 2754 '

294 2854 463 2912 quem
491 2839 734 2898 artifices
766 2840 1016 2914 regionis
1043 2839 1205 2900 huius
1236 2839 1598 2918 quadraginta
1625 2841 1828 2900 cubitis
1859 2837 2115 2899 altiorem
2144 2856 2279 2897 esse

248 2920 660 2980 4couteadunt.
726 2920 855 2998 Ego
896 2939 1002 2999 per
1037 2923 1233 2983 eadem
1268 2923 1397 2986 loca
1424 2926 1650 2986 invenio
1683 2925 1897 2985 fossam
1923 2941 1954 2982 a
1981 2941 2122 2999 rege
2152 2939 2279 2998 per-

301 3020 551 3064 cussam:
593 3005 696 3065 sed
724 3007 1000 3066 incertum
1040 3018 1221 3067 utrum
1253 3008 1326 3068 ad
1355 3007 1734 3085 colligendum
1762 3024 2011 3068 umorem
2046 3008 2279 3066 circum·

298 3087 595 3147 iacentium
612 3106 873 3165 agrorum
890 3109 961 3151 aa
981 3091 1051 3150 ad
1072 3093 1527 3153 committendum
1547 3092 1753 3152 flumini
1775 3091 1978 3153 lacum.
2006 3089 2114 3150 Est
2135 3091 2282 3150 enim

299 3168 637 3246 inperfectm
678 3167 1039 3253 hoc‘quoque
1063 3176 1322 3252 dubium,
1347 3179 1664 3253 intercepto
1688 3195 1830 3253 rege
1854 3174 2189 3236 mortalitate
2212 3193 2280 3234 au
2296 3179 2361 3232 35

252 3252 609 3329 5desperato
646 3260 837 3333 operis
871 3258 1102 3320 effectu.
1170 3261 1288 3320 Sed
1309 3260 1420 3322 hoc
1451 3263 1581 3338 ipso
1605 3259 1791 3338 (feres
1816 3263 1963 3320 enim
1990 3277 2079 3319 me
2109 3259 2280 3318 ambi-

303 3337 509 3396 tiosum
541 3354 647 3415 pro
670 3349 766 3400 tua
794 3340 1006 3418 gloria)
1036 3345 1249 3410 „incitor
1289 3355 1348 3405 et
1374 3344 1657 3408 accendor
1685 3355 1745 3404 ut
1776 3346 1995 3425 cupiam
2023 3345 2220 3422 peragi
2253 3361 2283 3401 a

301 3427 361 3476 te
392 3437 533 3497 quae
566 3431 777 3484 tautum
807 3436 1115 3499 coeperant
1141 3445 1334 3504 reges.
