2467 3850
521 160 1036 253 nrlsrumauu
1061 199 1408 254 105.--112.
1430 196 1583 273 [106.
1598 194 1838 270 --113.]
2045 190 2168 255 235

960 333 1185 405 cvnn.
1235 340 1407 422 [cxj

839 440 1168 493 TRAIANUS
1205 440 1417 491 PLINIO
1455 439 1507 490 S.

314 544 441 619 Quo
482 546 602 605 iure
630 545 710 606 uti
738 542 980 606 debeant
1004 542 1277 619 Bithynae
1303 543 1400 604 vel
1435 543 1700 603 Ponticae
1737 545 1990 605 civitates
2019 544 2074 603 in
2101 544 2168 604 iis

229 631 444 690 ecuniis
484 648 629 708 quae
673 648 748 690 ex
787 647 1008 708 quaque
1055 647 1225 690 causa
1265 630 1350 689 rei
1399 627 1665 705 publicae
1708 627 2056 688 debebantur
2098 646 2172 687 ex

132 720 169 774 5
210 732 322 793 ege
352 713 625 792 cuiusque
654 711 1201 774 animadvertendum
1228 721 1336 773 est.
1389 710 1528 771 Nam
1557 714 1678 771 sive
1707 710 1912 772 habent
1943 710 2169 791 privile-

186 799 341 876 qum
362 814 475 877 quo
506 798 712 858 ceteris
743 795 1115 859 creditoribus
1147 805 1575 876 anteponantur,
1608 794 2030 856 custodiendum
2057 804 2168 872 est,

188 882 316 943 sive
364 898 480 942 nou
519 880 761 960 habent,
813 882 871 940 in
914 882 1166 943 iniuriam
1208 883 1554 961 privatorum
1592 877 1650 938 id
1703 879 1819 941 dari
1861 897 1894 941 a
1929 897 2018 939 me
2058 896 2168 940 uon

191 964 491 1047 oportebit.

1003 1060 1124 1123 cx.
1168 1058 1364 1142 [cxi]

34 1208 42 1215 .
102 1155 175 1209 10
621 1160 674 1215 G.
712 1161 960 1215 PLINIUS
996 1161 1284 1215 TRAIANO
1321 1158 1734 1211 IMPERATORI.

316 1257 587 1336 Ecdicus,
619 1260 865 1339 domine,
894 1262 1288 1324 Amisenorum
1316 1259 1557 1319 civitatis
1584 1260 1819 1337 petebat
1846 1259 1993 1337 apud
2021 1274 2112 1318 me
2137 1275 2170 1318 a
2192 1269 2221 1321 1

191 1341 338 1403 Iulio
377 1341 582 1406 Pisone
625 1344 976 1406 denariorum
1019 1348 1246 1406 circiter
1286 1343 1648 1423 quadraginta
1674 1343 1844 1419 milia,
1879 1342 2079 1402 donata
2117 1343 2173 1401 ei

194 1425 424 1506 publice
453 1437 582 1488 ante
609 1430 805 1506 viginti
845 1447 1021 1489 annos
1064 1428 1197 1490 bule
1239 1438 1298 1489 et
1326 1427 1577 1488 ecclesia
1605 1428 2016 1503 consentiente,
2051 1435 2175 1485 ute·

194 1509 470 1591 baturque
498 1512 765 1573 mandatis
794 1515 904 1574 tuis
921 1558 940 1590 ,
983 1512 1184 1591 quibus
1226 1510 1499 1572 eiusmodi
1540 1503 1868 1572 donationes
1894 1519 2169 1570 vetantur.

108 1612 178 1663 15
196 1593 327 1654 Piso
369 1604 567 1656 contra
603 1595 838 1674 plurima
871 1614 936 1655 se
976 1598 1032 1655 in
1071 1614 1190 1656 rem
1222 1595 1504 1673 publicam
1544 1593 1853 1655 contulisse
1893 1612 1960 1653 ac
1988 1602 2226 1672 prope2

192 1687 341 1739 totas
371 1677 666 1739 facultates
696 1697 968 1757 erogasse
993 1677 1234 1738 dicebat.
1279 1677 1540 1738 Addebat
1561 1679 1726 1737 etiam
1750 1679 2018 1756 temporis
2043 1694 2173 1755 spa·

192 1763 330 1822 tium
359 1762 791 1841 postulabatque
834 1781 908 1821 ne
946 1761 1001 1822 id
1032 1763 1184 1839 quod
1214 1778 1318 1840 pro
1351 1759 1537 1820 multis
1577 1771 1636 1820 et
1678 1760 1809 1819 olim
1850 1761 2173 1837 accepisset

194 1863 325 1906 cum
367 1848 668 1906 eversione
696 1846 950 1926 reliquae
979 1844 1261 1922 dignitatis
1290 1843 1532 1904 reddere
1564 1852 1885 1921 cogeretur.
1957 1842 2173 1914 Quibus

194 1948 270 1989 ex
295 1934 480 1991 causis
519 1932 793 2007 integ-ram
825 1932 1202 2008 cognitionem
1230 1928 1592 1990 differendam
1621 1927 1932 1989 existimavi
1947 1969 1968 2004 ,
2002 1933 2064 1984 ut
2089 1935 2172 2002 tc,

105 2024 179 2076 20
197 2012 440 2092 domine,
473 2013 828 2076 consulerem
858 2015 991 2093 quid
1019 2015 1368 2092 sequendum
1399 2021 1646 2092 putares.

983 2145 1129 2209 cx1.
1173 2144 1396 2227 [cm]

842 2247 1161 2301 TRAIANUS
1195 2248 1404 2301 PLINIO
1443 2247 1494 2299 S.

320 2350 479 2410 Sicut
511 2350 836 2428 largitiones
878 2370 952 2413 ex
992 2350 1223 2432 publico
1264 2352 1384 2412 lieri
1423 2351 1673 2412 mandata
1703 2349 2036 2429 probibent,
2077 2351 2174 2425 ita,

107 2447 179 2500 25
197 2452 271 2495 ne
300 2433 597 2496 multorum
625 2438 901 2496 securitas
931 2437 1259 2514 subruatur,
1308 2436 1487 2497 factas
1516 2444 1641 2496 ante
1673 2435 2008 2513 aliquantum
2038 2442 2176 2494 tem·

197 2519 355 2597 poris
382 2520 672 2578 retractari
710 2529 879 2597 atque
913 2522 969 2578 in
996 2523 1217 2580 inritum
1256 2520 1520 2580 vindicari
1550 2537 1662 2578 non
1690 2527 1938 2597 oportet.
2005 2515 2178 2590 Quid-

198 2600 333 2680 quid
363 2618 504 2678 ergo
547 2618 620 2660 ex
659 2601 765 2660 hac
810 2621 977 2662 causa
1004 2614 1187 2663 actum
1229 2613 1358 2663 ante
1399 2604 1595 2680 viginti
1627 2620 1802 2663 annos
1833 2604 1973 2676 erit,
2016 2600 2175 2657 omit-

195 2695 395 2746 tamus.
460 2682 588 2743 Non
627 2688 807 2743 minus
836 2687 983 2743 enim
1010 2686 1324 2746 hominibus
1354 2689 1628 2765 cuiusque
1659 2685 1774 2745 loci
1807 2702 1971 2762 quam
2001 2699 2176 2758 pecu·

196 2770 324 2830 niae
349 2766 611 2847 publicae
643 2767 957 2828 consultum
986 2769 1138 2831 volo.

109 2863 182 2918 ³⁰
952 2897 1123 2962 cxu.
1172 2899 1422 2979 [exat]

639 2999 693 3051 C.
729 3000 978 3053 PLINIUS
1008 3002 1292 3052 TRAIANO
1322 2999 1736 3052 IMPERATORI.

321 3102 440 3163 Lex
473 3102 758 3181 Pompeia,
791 3102 1036 3180 domine,
1068 3121 1174 3181 qua
1201 3102 1425 3178 Bithyni
1455 3112 1513 3164 et
1541 3101 1755 3163 Pontici
1781 3110 2039 3179 utuntur,
2072 3119 2172 3163 eos
2195 3116 2224 3170 1

200 3189 298 3266 qui
324 3189 380 3246 in
412 3186 583 3246 bulen
621 3205 653 3246 a
694 3188 1027 3248 censoribus
1066 3186 1333 3264 leguntur
1361 3187 1493 3248 dare
1523 3188 1819 3266 pecuniam
1851 3203 1963 3246 non
1989 3186 2174 3248 iubet:

109 3281 180 3334 35
202 3271 307 3332 sed
337 3273 373 3329 ii
403 3288 547 3348 quos
575 3269 932 3348 ‘indulgentia
972 3281 1067 3332 tua
1114 3270 1444 3349 quibusdam
1477 3271 1792 3331 civitatibus
1828 3289 2001 3350 super
2031 3269 2176 3348 legi-

197 3357 389 3417 timum
415 3371 702 3414 numerum
737 3354 963 3416 adicere
992 3357 1247 3434 permisit
1280 3364 1340 3416 et
1377 3355 1597 3432 singula
1634 3354 1783 3415 milia
1825 3356 2176 3415 denariorum

199 3447 261 3499 et
309 3438 436 3498 bina
484 3437 805 3498 intulerunt.
881 3439 1116 3502 Anicius
1161 3439 1363 3501 deinde
1405 3438 1695 3501 Maximus
1718 3437 2028 3517 proconsul
2073 3447 2229 3498 eos2
