2467 3850
32 352 35 465 l

748 198 1270 262 EPISTULARUM
1303 199 1350 261 1.
1394 211 1480 263 11.
1506 211 1589 263 12.
2086 201 2163 264 ll

177 365 264 416 tot
292 354 536 434 pignora
565 370 737 414 veros
785 352 1019 414 amicos.
1088 352 1205 413 Sed
1235 363 1347 413 tam
1375 353 1577 432 longa,
1607 362 1718 413 tam
1745 354 1935 433 iniqua
1961 355 2214 419 valitu-4

180 439 308 500 dine
341 437 767 497 conflictabatur
799 445 862 496 ut
906 436 1049 497 haec
1076 446 1224 498 tanta
1255 440 1433 517 pretia
1454 438 1682 498 vivendi
1710 441 1907 500 mortis
1936 441 2165 500 rationi·

178 522 287 584 hus
319 524 703 582 vincerentur.
773 519 968 580 Tertio
997 530 1054 580 et
1083 523 1409 583 tricensimo
1440 534 1620 600 anno,
1667 531 1731 582 ut
1760 524 1944 600 ipsum
1975 523 2166 583 audie-

183 607 344 683 bam,
386 604 593 683 pedum
625 603 825 665 dolore
856 615 1157 684 correptus
1192 615 1300 666 est.
1362 606 1580 667 Patrius
1610 606 1705 666 hie
1737 606 1853 666 illi:
1890 623 2014 666 nam
2042 607 2164 686 ple·

32 766 33 779 χ
135 701 421 769 5rumque
453 690 633 749 morbi
656 705 889 768 quoque
916 708 1022 769 per
1049 692 1454 751 successiones
1485 690 1772 769 quasdam,
1805 700 1867 751 ut
1897 689 2024 766 alia,
2057 703 2164 751 tra-

184 774 410 834 duntur.
474 772 636 833 Hunc
665 774 1002 833 abstinentia
1030 775 1348 851 sanctitate,
1380 775 1566 852 quoad
1591 774 1787 835 viridis
1816 784 1994 852 aetas,
2026 778 2208 835 vicit5

184 868 245 918 et
286 857 489 935 fregit3
547 859 853 918 novissime
895 875 1020 916 cum
1058 867 1355 918 senectute
1410 861 1901 936 ingravescentem
1949 859 2166 920 viribus

183 942 354 1001 animi
396 939 740 1019 sustinebat,
787 958 915 1000 cum
958 941 1184 1020 quidem
1223 942 1574 1003 incredibilis
1618 946 1901 1003 cruciatus
1942 952 1999 1003 et
2028 944 2218 1003 indi-6

184 1027 457 1103 guissima
488 1034 760 1085 tormenta
789 1034 1096 1103 pateretur.
1138 1024 1253 1085 Iam
1283 1028 1429 1085 enim
1465 1025 1628 1086 dolor
1654 1045 1767 1087 non
1802 1026 2045 1105 pedibus
2075 1046 2168 1088 so·

32 1184 37 1197 p
101 1109 279 1187 dolis,
310 1119 374 1168 ut
401 1111 580 1187 prius,
609 1109 889 1169 insidebat
919 1110 1024 1170 sed
1052 1112 1232 1169 omnia
1258 1111 1504 1171 membra
1534 1111 2008 1190 pervagabatur.s
2019 1110 2163 1171 Veni

183 1193 256 1253 ad
285 1211 415 1252 eum
440 1193 742 1252 Domitiani
775 1193 1124 1271 temporibus
1162 1195 1220 1253 in
1262 1193 1581 1254 suburbano
1624 1197 1924 1255 iacentem.
1997 1196 2210 1255 Servi7

185 1296 221 1337 e
251 1276 514 1338 cubiculo
546 1288 939 1341 recesserunt:
982 1278 1225 1338 habebat
1254 1277 1366 1338 hoc
1399 1280 1590 1356 moris,
1622 1281 1882 1357 quotiens
1903 1281 2169 1339 intrasset

185 1359 409 1421 fidelior
429 1363 669 1428 amicus;
699 1363 832 1440 quin
859 1363 1024 1422 etiam
1052 1379 1217 1439 uxor,
1252 1379 1580 1441 quamquam
1622 1365 1800 1423 omnis
1834 1364 2045 1423 secreti
2077 1382 2168 1422 ca-

185 1447 518 1524 pacissima,
574 1445 1008 1522 digrediebatur.
1070 1444 1423 1506 Circumtulit
1464 1445 1665 1507 oculos
1705 1456 1764 1507 et
1806 1452 1957 1506 ‘cur'
1990 1449 2214 1525 inquit8

70 1560 73 1563 ·
112 1541 173 1591 15
189 1533 303 1588 ‘me
350 1538 514 1608 putas
553 1527 659 1588 hos
701 1538 884 1589 tantos
931 1529 1160 1590 dolores
1192 1540 1305 1590 tam
1343 1530 1436 1589 diu
1475 1527 1794 1592 sustinere?
1847 1540 1908 1590 ut
1947 1530 2170 1592 scilicet

186 1614 282 1673 isti
319 1612 519 1673 latroni
556 1612 650 1672 vel
692 1630 803 1672 uno
844 1613 933 1673 die
978 1617 1301 1693 supersim?
1371 1613 1648 1677 Dedisses
1690 1614 1821 1674 huic
1861 1616 2041 1675 animo
2069 1633 2173 1695 par

142 1742 149 1749 .
191 1715 422 1776 corpus,
457 1697 697 1758 fecisset
734 1697 883 1776 quod
913 1698 1158 1776 optabat.
1203 1697 1399 1757 Adfuit
1433 1708 1617 1759 tamen
1647 1698 1786 1758 deus
1817 1708 1976 1775 voto,
2011 1701 2169 1760 cuius

189 1781 290 1841 ille
322 1798 579 1860 compos,
614 1791 674 1840 ut
705 1783 810 1841 iam
842 1800 1079 1841 securus
1114 1780 1374 1860 liberque
1402 1783 1733 1857 moriturus,
1764 1781 1934 1849 multa
1962 1780 2058 1841 illa
2086 1785 2167 1841 vi-

190 1875 283 1925 tae
313 1865 417 1927 sed
443 1867 653 1926 minora
686 1864 990 1927 retinacula
1019 1865 1257 1945 abrupit.
1330 1863 1654 1925 Increverat
1680 1863 1960 1941 valitudo,
2005 1871 2214 1944 quam9

114 1965 177 2017 20
191 1952 555 2029 temperantia
573 1951 827 2027 mitigare
851 1953 1162 2030 temptavit,
1194 1959 1657 2029 perseverantem
1679 1951 1985 2008 constantia
2008 1948 2167 2026 fugit.

192 2034 309 2094 lam
345 2033 465 2095 dies
507 2033 649 2094 alter
684 2037 884 2094 tertius
925 2044 1183 2114 quartus:
1233 2032 1547 2093 abstinebat
1584 2032 1730 2093 cibo.
1801 2030 1952 2093 Misit
1980 2032 2049 2091 ad
2077 2051 2169 2093 me

190 2136 337 2178 uxor
369 2118 489 2179 eius
526 2118 784 2197 Hispulla
830 2136 1177 2179 communem
1216 2119 1452 2178 amicum
1485 2115 1547 2176 C.
1582 2114 1889 2177 Geminium
1919 2134 2045 2175 cum
2072 2118 2170 2176 tri-

192 2203 440 2263 stissimo
466 2204 658 2262 nuntio
675 2248 693 2279 ,
736 2201 1049 2264 destinasse
1082 2201 1390 2263 Corellium
1417 2204 1556 2262 mori
1584 2220 1693 2262 nec
1724 2210 1817 2261 aut
1845 2203 1962 2261 suis
1990 2210 2081 2266 aut
2110 2201 2170 2259 fi-

190 2284 299 2345 liae
323 2286 590 2364 precibus
613 2286 788 2363 flecti,
814 2286 996 2347 solum
1022 2305 1330 2366 superesse
1356 2305 1446 2346 me
1478 2305 1510 2346 a
1544 2303 1656 2365 quo
1685 2287 1943 2345 revocari
1971 2293 2171 2364 posset

115 2380 177 2432 25
193 2368 262 2429 ad
283 2371 468 2429 vitam.
515 2368 781 2429 Cucurri:
816 2387 1183 2448 perveneram
1210 2373 1266 2429 in
1296 2373 1629 2449 proximum,
1662 2388 1787 2429 cum
1817 2368 1948 2428 mihi
1977 2369 2046 2428 ab
2078 2387 2170 2428 ea·
2188 2377 2255 2428 10

193 2453 322 2513 dem
367 2452 625 2532 Hispulla
662 2453 834 2513 lulius
874 2454 1098 2515 Atticus
1136 2456 1351 2514 nuntiat
1390 2454 1525 2513 nihil
1565 2456 1670 2513 iam
1710 2472 1783 2513 ne
1824 2472 1915 2513 me
1948 2451 2174 2531 quidem

192 2540 623 2616 inpetraturum:
665 2547 776 2597 tam
801 2537 1076 2599 obstinate
1105 2541 1283 2616 magis
1316 2556 1383 2597 ac
1412 2540 1587 2616 magis
1613 2538 1947 2597 induruisse.
1997 2535 2172 2595 Dixe-

189 2631 275 2681 rat
305 2640 442 2682 sane
470 2622 692 2682 medico
719 2620 1033 2682 admoventi
1065 2624 1251 2683 cibum
1278 2619 1567 2702 κέκρικα,
1600 2638 1744 2699 quae
1773 2638 1887 2679 vox
1913 2629 2174 2697 quantum

192 2704 570 2766 admirationis
609 2707 667 2765 in
708 2708 889 2765 animo
926 2724 1055 2766 meo
1093 2716 1302 2766 tantum
1349 2705 1611 2766 desiderii
1651 2703 1893 2781 reliquit.
1965 2701 2172 2780 Cogito

115 2802 306 2868 3oquo
329 2791 533 2866 amico,
569 2808 681 2869 quo
702 2792 824 2849 viro
852 2808 1083 2850 caream.
1128 2790 1390 2870 Implevit
1409 2789 1631 2868 quidem
1651 2791 1850 2848 annum
1878 2788 2174 2865 septimum
2190 2798 2253 2851 ll

194 2882 256 2933 et
295 2876 783 2951 sexagensimum,
828 2893 971 2954 quae
1018 2884 1172 2935 aetas
1213 2876 1380 2934 etiam
1407 2873 1809 2934 robustissimis
1839 2873 1973 2931 satis
2004 2870 2174 2947 longa

196 2966 315 3017 est:
347 2958 493 3017 seio.
525 2956 721 3019 Evasit
742 2968 1072 3037 perpetuam
1089 2956 1477 3020 valitudinem:
1511 2958 1651 3018 scio.
1683 2955 1952 3016 Decessit
1975 2972 2173 3034 super-

194 3040 417 3102 stitibus
452 3042 593 3119 suis,
623 3042 861 3102 florente
889 3060 952 3101 re
980 3041 1241 3122 publica,
1273 3058 1416 3119 quae
1446 3039 1530 3100 illi
1559 3041 1812 3100 omnihus
1847 3041 1962 3100 suis
1995 3039 2176 3098 carior

197 3134 343 3184 erat:
377 3134 436 3184 et
459 3124 571 3184 hoc
593 3128 734 3186 scio.
744 3123 974 3211 NTamen
997 3137 1272 3205 tamquam
1296 3133 1352 3184 et
1375 3126 1591 3183 iuvenis
1621 3131 1679 3183 et
1708 3124 2003 3185 firmissimi
2028 3139 2175 3181 mor·
2193 3133 2259 3185 12

118 3216 305 3271 35tem
322 3208 517 3285 doleo,
545 3208 713 3270 doleo
731 3219 938 3286 autem,
962 3209 1098 3270 licet
1121 3228 1210 3270 me
1228 3207 1551 3269 inbecillum
1576 3217 1766 3286 putes,
1790 3225 1918 3267 meo
1933 3208 2174 3266 nomine.

200 3293 377 3353 Amisi
418 3294 600 3371 enim,
645 3296 806 3355 amisi
844 3296 994 3354 vitae
1035 3312 1192 3353 meae
1235 3301 1441 3354 testem
1494 3301 1777 3352 rectorem
1830 3291 2173 3367 magistrum.

200 3377 261 3436 ln
291 3395 527 3455 summa,
563 3377 742 3438 dicam
770 3378 922 3457 quod
953 3380 1168 3437 recenti
1192 3377 1389 3437 dolore
1424 3373 1808 3436 contubernali
1835 3391 1962 3434 meo
1992 3371 2177 3432 Calvi·

203 3464 288 3522 sio
318 3463 456 3539 dixi,
489 3466 720 3524 ‘vereor
744 3482 819 3523 ne
851 3462 1248 3541 neglegentius
1271 3464 1495 3521 vivam?
1539 3458 1776 3519 Proinde
1799 3456 1999 3519 adhibe
2031 3454 2176 3515 sola·
2193 3461 2259 3513 13
