2467 3850
774 184 1292 251 EPISTULARUM
1315 185 1384 244 V.
1427 196 1478 249 6
2048 187 2126 250 93

140 342 363 419 (neque
388 340 536 398 enim
564 337 731 398 facile
760 356 992 437 usquam
1024 356 1248 415 saxum,
1290 340 1458 397 etiam
1488 339 1538 398 si
1571 347 1894 436 quaeratur,
1928 357 2127 398 occur-

141 426 238 501 rit)
268 422 611 502 planissimis
645 425 855 500 campis
894 421 1182 483 fertilitate
1220 439 1334 482 non
1365 421 1571 481 cedunt
1599 424 1951 500 opimamque
1980 442 2126 484 mes-

144 526 266 567 sem
296 509 484 568 serius
517 514 724 565 tantum
756 506 858 566 sed
892 523 1003 564 non
1035 508 1212 565 minus
1241 514 1636 584 percoquunt.
1661 506 1776 568 Sub
1803 507 1890 566 his
1919 524 2024 585 per
2050 507 2126 567 la·
2144 520 2177 571 9

144 601 233 651 tus
275 608 442 651 omne
483 593 681 649 vineae
723 590 1082 687 porriguntur
1119 607 1393 667 unamque
1437 589 1641 649 faciem
1689 589 1860 667 longe
1899 590 2126 669 lateque

98 682 485 742 5contexunt;
529 692 758 751 quarum
801 691 831 731 a
876 674 984 732 fine
1017 675 1246 752 imoque
1283 675 1442 771 quasi
1481 675 1729 750 margine
1770 675 1994 734 arbusta
2034 693 2126 735 na-

146 767 396 819 suuntur.
459 757 620 816 Prata
646 757 776 816 inde
802 757 1126 835 campique:
1168 759 1381 836 campi,
1415 774 1558 835 quos
1590 774 1697 815 non
1727 758 1833 816 nisi
1863 760 2123 835 ingentes
2143 772 2209 822 10

145 842 327 901 boves
357 851 416 901 et
451 841 753 902 fortissima
780 850 959 900 aratra
984 840 1353 919 perfringunt.
1421 838 1609 899 Tantis
1643 840 1862 916 glaebis
1887 844 2131 901 tenacis-

144 928 344 985 simum
372 925 590 1003 solum,
634 941 761 984 cum
797 926 1033 1001 primum
1062 934 1430 1002 prosecatur,
1475 924 1723 1001 adsurgit
1762 935 1822 984 ut
1850 942 1998 984 nono
2029 924 2124 984 de-

142 1026 292 1067 mum
313 1008 478 1068 sulco
499 1008 881 1087 perdometur.
916 1007 1076 1067 Prata
1099 1007 1294 1068 florida
1316 1018 1374 1067 ct
1396 1025 1652 1085 gemmea
1676 1008 1941 1067 trifolium
1963 1008 2124 1072 alias·
2145 1022 2208 1072 11

68 1100 257 1170 loque
292 1091 499 1152 herbas
539 1102 762 1152 teneras
807 1109 1036 1170 semper
1076 1101 1134 1151 et
1171 1091 1375 1151 molles
1418 1101 1477 1151 et
1523 1094 1680 1169 quasi
1728 1110 1902 1152 novas
1955 1092 2121 1153 alunt.

143 1174 363 1235 Cuncta
392 1177 539 1235 enim
568 1175 912 1254 perennibus
942 1178 1077 1236 rivis
1104 1178 1444 1235 nutriuntur:
1489 1176 1592 1235 sed
1621 1176 1715 1235 ubi
1746 1194 1923 1253 aquae
1952 1175 2125 1255 pluri-

141 1277 311 1336 mum,
343 1259 508 1338 palus
527 1258 699 1335 nulla,
730 1260 857 1336 quia
886 1258 1102 1319 devexa
1129 1267 1311 1336 terra,
1346 1258 1610 1337 quidquid
1640 1258 1873 1338 liquoris
1900 1263 2125 1339 accepit

141 1361 253 1402 nec
296 1344 620 1419 absorbuit,
660 1342 893 1403 effundit
928 1344 982 1402 in
1027 1340 1288 1402 Tiberim.
1352 1340 1572 1404 Medios
1605 1341 1702 1402 ille
1739 1361 1906 1420 agros
1945 1354 2122 1422 secat,
2143 1357 2207 1408 12

142 1428 365 1486 navium
385 1430 624 1506 patiens,
650 1428 941 1506 omnisque
965 1427 1159 1503 fruges
1175 1425 1410 1486 devehit
1433 1428 1490 1485 in
1510 1426 1728 1503 urbem,
1763 1428 1947 1487 hieme
1974 1427 2124 1486 dum-

68 1521 126 1572 15
141 1519 293 1569 taxat
322 1520 381 1570 et
409 1529 577 1579 vere;
606 1520 821 1571 aestate
860 1513 1229 1587 summittitur,
1264 1512 1628 1589 immensique
1658 1511 1894 1571 fluminis
1922 1530 2123 1571 nomen

17 1598 28 1610 ’
141 1595 320 1653 arenti
353 1594 516 1656 alveo
556 1594 798 1671 deserit,
846 1605 1107 1654 autumno
1145 1596 1395 1654 resumit.
1458 1593 1713 1671 Magnam
1748 1598 1936 1671 capies
1966 1596 2123 1655 volu·
2143 1607 2208 1659 13

141 1687 386 1756 ptatem,
430 1680 477 1757 si
511 1677 660 1738 hunc
690 1679 943 1755 regionis
974 1679 1139 1738 situm
1168 1696 1245 1737 ex
1268 1687 1456 1738 monte
1490 1681 1878 1756 prospexeris.
1921 1678 2121 1757 Neque

65 1757 69 1761 ’
141 1764 293 1820 enim
328 1771 508 1821 terras
549 1762 648 1821 tibi
679 1762 783 1823 sed
816 1761 1047 1821 formam
1089 1761 1330 1838 aliquam
1367 1762 1435 1820 ad
1477 1763 1731 1820 eximiam
1759 1761 2121 1839 pulchritudi-

141 1863 273 1905 nem
303 1848 510 1924 pictam
536 1845 823 1906 videberis
860 1863 1124 1904 cernere:
1166 1862 1233 1903 ea
1275 1846 1578 1920 varietate,
1622 1861 1688 1902 ea
1718 1845 2119 1922 descriptione,

16 1935 499 2023 wquocumque
531 1931 826 1990 inciderint
854 1929 1026 2006 oculi,
1057 1930 1398 1989 reficientur.
1439 1928 1627 1987 Villa
1611 1947 1667 1987 ιιι
1697 1928 1845 1988 colle
1878 1932 1988 1988 imo
2019 1932 2121 1988 sita
2142 1941 2207 1992 14

139 2016 418 2094 prospicit
459 2018 617 2092 quasi
646 2034 721 2074 ex
748 2031 990 2074 summo:
1041 2015 1114 2072 ita
1154 2011 1358 2072 leniter
1385 2022 1443 2072 et
1473 2014 1682 2072 sensim
1713 2012 1861 2073 clivo
1893 2012 2122 2071 fallente

140 2101 433 2175 consurgit
460 2108 550 2175 ut,
595 2118 720 2158 cum
750 2097 1060 2158 ascendere
1084 2106 1142 2156 te
1164 2114 1277 2155 non
1308 2107 1508 2175 putes,
1545 2098 1752 2156 sentias
1776 2096 2122 2157 ascendisse.

136 2182 192 2241 A
219 2192 387 2259 tergo
414 2182 840 2261 Appenninum,
872 2181 976 2241 sed
1022 2181 1247 2258 longius
1286 2181 1486 2241 habet:
1531 2182 1737 2258 accipit
1778 2181 1848 2240 ab
1890 2180 2001 2239 hoc
2029 2198 2121 2239 au-

136 2284 229 2326 ras
263 2267 565 2344 quamlibet
594 2283 800 2327 sereno
831 2275 889 2325 et
910 2265 1134 2344 placido
1159 2265 1272 2342 die,
1296 2283 1410 2325 non
1435 2275 1619 2325 tamen
1648 2282 1809 2324 acres
1844 2275 1900 2324 et
1930 2267 2122 2323 immo-

58 2357 121 2409 25
138 2350 317 2426 dicaS,
355 2350 456 2409 sed
486 2354 667 2430 spatio
697 2353 824 2428 ipso
853 2348 1031 2410 lassas
1062 2358 1120 2409 et
1142 2349 1426 2409 infractas.
1477 2347 1678 2425 Magna
1706 2350 1792 2409 sui
1820 2358 1978 2426 parte
2004 2364 2119 2406 me·
2139 2358 2203 2408 15

105 2434 338 2493 ‘ridiem
382 2444 603 2512 spectat
643 2436 1027 2510 aestivumque
1069 2431 1253 2493 solem
1294 2433 1361 2492 ab
1404 2433 1540 2492 hora
1581 2442 1773 2508 sexta,
1831 2433 2122 2492 hibernum

137 2518 421 2597 aliquanto
449 2521 734 2594 maturius,
767 2519 924 2595 quasi
953 2519 1142 2577 invitat
1170 2518 1225 2575 in
1254 2519 1531 2593 porticum
1560 2515 1725 2576 latam
1749 2525 1807 2575 et
1829 2534 1933 2594 pro
1956 2516 2121 2574 modo

135 2601 382 2679 longam.
426 2601 601 2662 Multa
626 2604 684 2661 in
714 2601 821 2660 hac
852 2601 1119 2699 membra,
1148 2603 1344 2661 atrium
1372 2603 1540 2660 etiam
1562 2618 1636 2659 ex
1664 2617 1818 2658 more
1848 2608 2118 2659 veterum.

17 2746 18 2753 χ
134 2686 287 2746 Ante
316 2688 596 2764 porticum
625 2695 824 2759 xystus
853 2687 909 2743 in
950 2684 1213 2761 plurimas
1245 2686 1473 2762 species
1509 2682 1801 2745 distinctus
1834 2684 2120 2742 concisus·
2139 2689 2203 2741 16

59 2785 251 2847 30que
292 2770 475 2838 buxo;
523 2770 820 2829 demissus
830 2769 958 2828 inde
998 2786 1324 2847 pronusque
1365 2767 1657 2846 pulvinus,
1703 2767 1791 2825 cui
1820 2766 2121 2825 bestiarum

17 2916 18 2935 ᾖ
138 2853 368 2929 effigies
408 2855 650 2913 invicem
693 2851 959 2914 adversas
986 2852 1167 2911 buxus
1212 2853 1525 2928 inscripsit:
1574 2848 1884 2910 acanthus
1868 2867 1924 2907 ιιι
1952 2846 2119 2927 plano

16 2966 28 3051 k
135 2936 328 2997 mollis
359 2946 417 2996 et
428 2955 621 3015 paene
657 2936 889 2995 dixerim
919 2935 1179 3014 liquidus.
1240 2934 1429 2994 Ambit
1457 2934 1605 2993 hunc
1632 2932 1931 2992 ambulatio
1958 2950 2118 3010 pres·
2139 2939 2200 2992 17

138 3023 220 3082 sis
250 3023 521 3100 varieque
547 3022 728 3081 tonsis
758 3019 1025 3081 viridibus
1054 3018 1299 3078 inclusa:
1329 3017 1398 3077 ab
1427 3017 1513 3077 his
1542 3018 1783 3094 gestatio
1814 3019 1870 3075 in
1898 3017 2122 3075 modum

141 3106 314 3181 circi,
366 3122 510 3181 quae
551 3105 757 3163 buxum
786 3102 1180 3163 multiformem
1213 3100 1566 3179 humilesque
1596 3109 1655 3160 et
1680 3109 1930 3160 retentas
1960 3117 2120 3157 manu

58 3196 122 3250 35
135 3187 467 3249 arbusculas
501 3191 771 3248 circumit.
839 3187 1031 3248 Omnia
1057 3188 1298 3246 maceria
1325 3186 1664 3243 muniuntur:
1722 3184 1865 3244 hanc
1895 3182 2121 3260 gradata

133 3272 320 3333 buxus
351 3274 537 3352 operit
566 3281 624 3332 et
654 3271 942 3332 subtrahit.
984 3270 1203 3330 Pratum
1236 3269 1364 3329 inde
1393 3285 1505 3330 non
1532 3271 1709 3329 minus
1738 3279 1927 3331 natura
1957 3285 2119 3344 quam
2141 3275 2204 3327 18

135 3358 434 3434 superiora
471 3355 569 3415 illa
605 3366 726 3416 arte
763 3355 1084 3416 visendum:
1137 3355 1319 3432 campi
1370 3351 1571 3412 deinde
1619 3370 1790 3430 porro
1838 3351 2117 3427 multaque

135 3439 247 3500 alia
287 3450 445 3519 prata
493 3449 550 3499 et
592 3440 832 3501 arbusta.
892 3439 943 3498 A
987 3440 1170 3517 capite
1209 3439 1462 3517 porticus
1504 3435 1799 3497 triclinium
1843 3436 2114 3496 excurrit:
2139 3440 2202 3491 19
