<?xml version="1.0" encoding="UTF-8"?>
<!DOCTYPE html PUBLIC "-//W3C//DTD XHTML 1.0 Transitional//EN"
    "http://www.w3.org/TR/xhtml1/DTD/xhtml1-transitional.dtd">
<html xmlns="http://www.w3.org/1999/xhtml" xml:lang="en" lang="en">
 <head>
  <title>
</title>
<meta http-equiv="Content-Type" content="text/html;charset=utf-8" />
  <meta name='ocr-system' content='tesseract 3.04.00' />
  <meta name='ocr-capabilities' content='ocr_page ocr_carea ocr_par ocr_line ocrx_word'/>
</head>
<body>
  <div class='ocr_page' id='page_1' title='image "./cplinicaecilise00unkngoog_0149.png"; bbox 0 0 2467 3850; ppageno 0'>
   <div class='ocr_carea' id='block_1_1' title="bbox 718 132 2159 198">
    <p class='ocr_par' dir='ltr' id='par_1_1' title="bbox 718 132 2159 198">
     <span class='ocr_line' id='line_1_1' title="bbox 718 132 2159 198; baseline -0.001 -2"><span class='ocrx_word' id='word_1_1' title='bbox 718 132 1232 197; x_wconf 76' lang='lat' dir='ltr'><strong>EPISTULARUM</strong></span> <span class='ocrx_word' id='word_1_2' title='bbox 1261 132 1355 195; x_wconf 91' lang='lat' dir='ltr'><strong>VI.</strong></span> <span class='ocrx_word' id='word_1_3' title='bbox 1398 141 1479 197; x_wconf 86' lang='grc'><strong>17.</strong></span> <span class='ocrx_word' id='word_1_4' title='bbox 1520 141 1604 197; x_wconf 89' lang='grc'><strong>18.</strong></span> <span class='ocrx_word' id='word_1_5' title='bbox 2037 132 2159 198; x_wconf 79' lang='grc'><strong>119</strong></span> 
     </span>
    </p>
   </div>
   <div class='ocr_carea' id='block_1_2' title="bbox 75 257 2238 688">
    <p class='ocr_par' dir='ltr' id='par_1_2' title="bbox 75 257 2238 618">
     <span class='ocr_line' id='line_1_2' title="bbox 75 257 2238 366; baseline -0.002 -15"><span class='ocrx_word' id='word_1_6' title='bbox 75 348 79 351; x_wconf 15' lang='grc'><strong><em>4</em></strong></span> <span class='ocrx_word' id='word_1_7' title='bbox 180 288 424 350; x_wconf 83' lang='lat' dir='ltr'><strong>voluisti.</strong></span> <span class='ocrx_word' id='word_1_8' title='bbox 488 288 681 349; x_wconf 85' lang='lat' dir='ltr'><strong>Finem</strong></span> <span class='ocrx_word' id='word_1_9' title='bbox 702 305 843 366; x_wconf 88' lang='lat' dir='ltr'><strong>ergo</strong></span> <span class='ocrx_word' id='word_1_10' title='bbox 875 288 1090 349; x_wconf 89' lang='lat' dir='ltr'><strong>faciam.</strong></span> <span class='ocrx_word' id='word_1_11' title='bbox 1154 286 1334 348; x_wconf 88' lang='lat' dir='ltr'><strong>Unum</strong></span> <span class='ocrx_word' id='word_1_12' title='bbox 1361 284 1593 346; x_wconf 82' lang='lat' dir='ltr'><strong>adiciam</strong></span> <span class='ocrx_word' id='word_1_13' title='bbox 1623 284 1804 346; x_wconf 90' lang='lat' dir='ltr'><strong>omnia</strong></span> <span class='ocrx_word' id='word_1_14' title='bbox 1831 300 1921 343; x_wconf 85' lang='lat' dir='ltr'><strong>me</strong></span> <span class='ocrx_word' id='word_1_15' title='bbox 1950 257 2154 366; x_wconf 82' lang='lat' dir='ltr'><strong>quibus</strong></span> <span class='ocrx_word' id='word_1_16' title='bbox 2171 295 2238 347; x_wconf 91' lang='grc'><strong>22</strong></span> 
     </span>
     <span class='ocr_line' id='line_1_3' title="bbox 179 371 2152 451; baseline -0.002 -18"><span class='ocrx_word' id='word_1_17' title='bbox 179 372 539 433; x_wconf 84' lang='lat' dir='ltr'><strong>interfueram</strong></span> <span class='ocrx_word' id='word_1_18' title='bbox 563 390 822 451; x_wconf 89' lang='lat' dir='ltr'><strong>quaeque</strong></span> <span class='ocrx_word' id='word_1_19' title='bbox 849 374 1050 448; x_wconf 86' lang='lat' dir='ltr'><strong>statim,</strong></span> <span class='ocrx_word' id='word_1_20' title='bbox 1076 388 1203 430; x_wconf 92' lang='lat' dir='ltr'><strong>cum</strong></span> <span class='ocrx_word' id='word_1_21' title='bbox 1223 371 1457 430; x_wconf 84' lang='lat' dir='ltr'><strong>maxime</strong></span> <span class='ocrx_word' id='word_1_22' title='bbox 1477 387 1614 429; x_wconf 84' lang='lat' dir='ltr'><strong>vera</strong></span> <span class='ocrx_word' id='word_1_23' title='bbox 1634 378 2026 446; x_wconf 84' lang='lat' dir='ltr'><strong>memorantur,</strong></span> <span class='ocrx_word' id='word_1_24' title='bbox 2057 388 2152 429; x_wconf 90' lang='lat' dir='ltr'><strong>au·</strong></span> 
     </span>
     <span class='ocr_line' id='line_1_4' title="bbox 181 450 2154 554; baseline -0.001 -39"><span class='ocrx_word' id='word_1_25' title='bbox 181 455 387 518; x_wconf 89' lang='lat' dir='ltr'><strong>dieram</strong></span> <span class='ocrx_word' id='word_1_26' title='bbox 425 466 804 535; x_wconf 89' lang='lat' dir='ltr'><strong>persecutum.</strong></span> <span class='ocrx_word' id='word_1_27' title='bbox 872 454 955 515; x_wconf 89' lang='lat' dir='ltr'><strong>Tu</strong></span> <span class='ocrx_word' id='word_1_28' title='bbox 995 456 1283 535; x_wconf 87' lang='lat' dir='ltr'><strong>potissima</strong></span> <span class='ocrx_word' id='word_1_29' title='bbox 1309 470 1623 554; x_wconf 57' lang='lat' dir='ltr'><strong>excerptis.</strong></span> <span class='ocrx_word' id='word_1_30' title='bbox 1683 450 1850 512; x_wconf 86' lang='lat' dir='ltr'><strong>Aliud</strong></span> <span class='ocrx_word' id='word_1_31' title='bbox 1890 463 1980 513; x_wconf 89' lang='lat' dir='ltr'><strong>est</strong></span> <span class='ocrx_word' id='word_1_32' title='bbox 2007 455 2154 513; x_wconf 88' lang='lat' dir='ltr'><strong>enim</strong></span> 
     </span>
     <span class='ocr_line' id='line_1_5' title="bbox 181 535 2149 618; baseline 0 -18"><span class='ocrx_word' id='word_1_33' title='bbox 181 539 475 618; x_wconf 76' lang='lat' dir='ltr'><strong>epistulam</strong></span> <span class='ocrx_word' id='word_1_34' title='bbox 512 538 661 600; x_wconf 90' lang='lat' dir='ltr'><strong>aliud</strong></span> <span class='ocrx_word' id='word_1_35' title='bbox 693 540 1007 616; x_wconf 80' lang='lat' dir='ltr'><strong>historiam,</strong></span> <span class='ocrx_word' id='word_1_36' title='bbox 1038 537 1187 600; x_wconf 91' lang='lat' dir='ltr'><strong>aliud</strong></span> <span class='ocrx_word' id='word_1_37' title='bbox 1217 540 1397 598; x_wconf 92' lang='lat' dir='ltr'><strong>amico</strong></span> <span class='ocrx_word' id='word_1_38' title='bbox 1423 535 1575 599; x_wconf 90' lang='lat' dir='ltr'><strong>aliud</strong></span> <span class='ocrx_word' id='word_1_39' title='bbox 1596 535 1848 598; x_wconf 86' lang='lat' dir='ltr'><strong>omnibus</strong></span> <span class='ocrx_word' id='word_1_40' title='bbox 1877 539 2149 602; x_wconf 86' lang='lat' dir='ltr'><strong>scribere.</strong></span> 
     </span>
    </p>

    <p class='ocr_par' dir='ltr' id='par_1_3' title="bbox 134 622 333 688">
     <span class='ocr_line' id='line_1_6' title="bbox 134 622 333 688; baseline -0.03 0"><span class='ocrx_word' id='word_1_41' title='bbox 134 622 333 688; x_wconf 84' lang='lat' dir='ltr'><strong>5Vale.</strong></span> 
     </span>
    </p>
   </div>
   <div class='ocr_carea' id='block_1_3' title="bbox 684 753 1652 909">
    <p class='ocr_par' dir='ltr' id='par_1_4' title="bbox 684 753 1652 909">
     <span class='ocr_line' id='line_1_7' title="bbox 1078 753 1258 819; baseline 0.017 -4"><span class='ocrx_word' id='word_1_42' title='bbox 1078 753 1258 819; x_wconf 87' lang='lat' dir='ltr'><strong>xvll.</strong></span> 
     </span>
     <span class='ocr_line' id='line_1_8' title="bbox 684 853 1652 909; baseline 0.002 -3"><span class='ocrx_word' id='word_1_43' title='bbox 684 856 738 907; x_wconf 90' lang='lat' dir='ltr'><strong>c.</strong></span> <span class='ocrx_word' id='word_1_44' title='bbox 774 854 1018 906; x_wconf 80' lang='lat' dir='ltr'><strong>PmNms</strong></span> <span class='ocrx_word' id='word_1_45' title='bbox 1051 854 1410 906; x_wconf 80' lang='lat' dir='ltr'><strong>RESTlTU&#39;ro</strong></span> <span class='ocrx_word' id='word_1_46' title='bbox 1441 853 1562 906; x_wconf 77' lang='lat' dir='ltr'><strong>suo</strong></span> <span class='ocrx_word' id='word_1_47' title='bbox 1599 853 1652 909; x_wconf 86' lang='lat' dir='ltr'><strong>S.</strong></span> 
     </span>
    </p>
   </div>
   <div class='ocr_carea' id='block_1_4' title="bbox 21 953 2203 2795">
    <p class='ocr_par' dir='ltr' id='par_1_5' title="bbox 21 953 2203 2795">
     <span class='ocr_line' id='line_1_9' title="bbox 298 953 2202 1034; baseline 0.003 -19"><span class='ocrx_word' id='word_1_48' title='bbox 298 953 829 1033; x_wconf 89' lang='lat' dir='ltr'><strong>Indignatiunculam</strong></span> <span class='ocrx_word' id='word_1_49' title='bbox 847 972 1008 1034; x_wconf 91' lang='lat' dir='ltr'><strong>quam</strong></span> <span class='ocrx_word' id='word_1_50' title='bbox 1025 956 1080 1014; x_wconf 90' lang='lat' dir='ltr'><strong>in</strong></span> <span class='ocrx_word' id='word_1_51' title='bbox 1098 954 1382 1015; x_wconf 89' lang='lat' dir='ltr'><strong>cuiusdam</strong></span> <span class='ocrx_word' id='word_1_52' title='bbox 1408 955 1568 1014; x_wconf 90' lang='lat' dir='ltr'><strong>amici</strong></span> <span class='ocrx_word' id='word_1_53' title='bbox 1595 953 1866 1015; x_wconf 90' lang='lat' dir='ltr'><strong>auditorio</strong></span> <span class='ocrx_word' id='word_1_54' title='bbox 1891 956 2020 1033; x_wconf 90' lang='lat' dir='ltr'><strong>cepi</strong></span> <span class='ocrx_word' id='word_1_55' title='bbox 2043 972 2155 1017; x_wconf 87' lang='lat' dir='ltr'><strong>nou</strong></span> <span class='ocrx_word' id='word_1_56' title='bbox 2173 967 2202 1020; x_wconf 90' lang='lat'>1</span> 
     </span>
     <span class='ocr_line' id='line_1_10' title="bbox 105 1038 2148 1118; baseline -0 -18"><span class='ocrx_word' id='word_1_57' title='bbox 105 1049 166 1101; x_wconf 81' lang='lat' dir='ltr'><strong>Io</strong></span> <span class='ocrx_word' id='word_1_58' title='bbox 180 1053 413 1118; x_wconf 88' lang='lat' dir='ltr'><strong>possum</strong></span> <span class='ocrx_word' id='word_1_59' title='bbox 452 1040 581 1099; x_wconf 88' lang='lat' dir='ltr'><strong>mihi</strong></span> <span class='ocrx_word' id='word_1_60' title='bbox 620 1048 937 1118; x_wconf 89' lang='lat' dir='ltr'><strong>temperare</strong></span> <span class='ocrx_word' id='word_1_61' title='bbox 976 1055 1089 1118; x_wconf 91' lang='lat' dir='ltr'><strong>quo</strong></span> <span class='ocrx_word' id='word_1_62' title='bbox 1118 1041 1298 1099; x_wconf 87' lang='lat' dir='ltr'><strong>minus</strong></span> <span class='ocrx_word' id='word_1_63' title='bbox 1327 1038 1474 1116; x_wconf 89' lang='lat' dir='ltr'><strong>apud</strong></span> <span class='ocrx_word' id='word_1_64' title='bbox 1502 1049 1595 1115; x_wconf 87' lang='lat' dir='ltr'><strong>te,</strong></span> <span class='ocrx_word' id='word_1_65' title='bbox 1637 1040 1765 1117; x_wconf 89' lang='lat' dir='ltr'><strong>quia</strong></span> <span class='ocrx_word' id='word_1_66' title='bbox 1792 1055 1903 1099; x_wconf 90' lang='lat' dir='ltr'><strong>non</strong></span> <span class='ocrx_word' id='word_1_67' title='bbox 1936 1042 2148 1100; x_wconf 90' lang='lat' dir='ltr'><strong>contin·</strong></span> 
     </span>
     <span class='ocr_line' id='line_1_11' title="bbox 177 1121 2202 1201; baseline 0.001 -20"><span class='ocrx_word' id='word_1_68' title='bbox 177 1124 258 1199; x_wconf 91' lang='lat' dir='ltr'><strong>git</strong></span> <span class='ocrx_word' id='word_1_69' title='bbox 286 1140 505 1199; x_wconf 87' lang='lat' dir='ltr'><strong>coram,</strong></span> <span class='ocrx_word' id='word_1_70' title='bbox 534 1141 638 1201; x_wconf 91' lang='lat' dir='ltr'><strong>per</strong></span> <span class='ocrx_word' id='word_1_71' title='bbox 662 1122 957 1201; x_wconf 84' lang='lat' dir='ltr'><strong>epistulam</strong></span> <span class='ocrx_word' id='word_1_72' title='bbox 986 1122 1280 1183; x_wconf 82' lang='lat' dir='ltr'><strong>effundam.</strong></span> <span class='ocrx_word' id='word_1_73' title='bbox 1342 1121 1704 1183; x_wconf 82' lang='lat' dir='ltr'><strong>Recitabatur</strong></span> <span class='ocrx_word' id='word_1_74' title='bbox 1738 1122 1883 1190; x_wconf 81' lang='lat' dir='ltr'><strong>liber</strong></span> <span class='ocrx_word' id='word_1_75' title='bbox 1923 1122 2149 1185; x_wconf 89' lang='lat' dir='ltr'><strong>absolu·</strong></span> <span class='ocrx_word' id='word_1_76' title='bbox 2167 1136 2202 1188; x_wconf 83' lang='lat'><strong>2</strong></span> 
     </span>
     <span class='ocr_line' id='line_1_12' title="bbox 176 1206 2150 1285; baseline 0.001 -19"><span class='ocrx_word' id='word_1_77' title='bbox 176 1208 451 1267; x_wconf 80' lang='lat' dir='ltr'><strong>tissimus:</strong></span> <span class='ocrx_word' id='word_1_78' title='bbox 481 1207 627 1266; x_wconf 88' lang='lat' dir='ltr'><strong>hunc</strong></span> <span class='ocrx_word' id='word_1_79' title='bbox 657 1206 766 1267; x_wconf 91' lang='lat' dir='ltr'><strong>duo</strong></span> <span class='ocrx_word' id='word_1_80' title='bbox 801 1217 892 1267; x_wconf 89' lang='lat' dir='ltr'><strong>aut</strong></span> <span class='ocrx_word' id='word_1_81' title='bbox 920 1217 1072 1284; x_wconf 88' lang='lat' dir='ltr'><strong>tres,</strong></span> <span class='ocrx_word' id='word_1_82' title='bbox 1111 1215 1172 1267; x_wconf 90' lang='lat' dir='ltr'><strong>ut</strong></span> <span class='ocrx_word' id='word_1_83' title='bbox 1199 1207 1308 1267; x_wconf 90' lang='lat' dir='ltr'><strong>sibi</strong></span> <span class='ocrx_word' id='word_1_84' title='bbox 1339 1215 1395 1266; x_wconf 88' lang='lat' dir='ltr'><strong>et</strong></span> <span class='ocrx_word' id='word_1_85' title='bbox 1419 1209 1611 1285; x_wconf 85' lang='lat' dir='ltr'><strong>paucis</strong></span> <span class='ocrx_word' id='word_1_86' title='bbox 1639 1206 1925 1285; x_wconf 85' lang='lat' dir='ltr'><strong>videntur,</strong></span> <span class='ocrx_word' id='word_1_87' title='bbox 1955 1207 2150 1269; x_wconf 83' lang='lat' dir='ltr'><strong>diserti</strong></span> 
     </span>
     <span class='ocr_line' id='line_1_13' title="bbox 176 1289 2152 1370; baseline 0.001 -18"><span class='ocrx_word' id='word_1_88' title='bbox 176 1289 358 1352; x_wconf 89' lang='lat' dir='ltr'><strong>surdis</strong></span> <span class='ocrx_word' id='word_1_89' title='bbox 383 1293 661 1370; x_wconf 87' lang='lat' dir='ltr'><strong>mutisque</strong></span> <span class='ocrx_word' id='word_1_90' title='bbox 690 1289 903 1351; x_wconf 88' lang='lat' dir='ltr'><strong>similes</strong></span> <span class='ocrx_word' id='word_1_91' title='bbox 930 1291 1243 1351; x_wconf 88' lang='lat' dir='ltr'><strong>audiebant.</strong></span> <span class='ocrx_word' id='word_1_92' title='bbox 1307 1289 1435 1350; x_wconf 87' lang='lat' dir='ltr'><strong>Non</strong></span> <span class='ocrx_word' id='word_1_93' title='bbox 1463 1290 1616 1351; x_wconf 90' lang='lat' dir='ltr'><strong>labra</strong></span> <span class='ocrx_word' id='word_1_94' title='bbox 1643 1289 2005 1369; x_wconf 84' lang='lat' dir='ltr'><strong>diduxerunt,</strong></span> <span class='ocrx_word' id='word_1_95' title='bbox 2035 1306 2152 1353; x_wconf 89' lang='lat' dir='ltr'><strong>non</strong></span> 
     </span>
     <span class='ocr_line' id='line_1_14' title="bbox 174 1373 2150 1454; baseline 0.002 -22"><span class='ocrx_word' id='word_1_96' title='bbox 174 1385 466 1435; x_wconf 87' lang='lat' dir='ltr'><strong>moverunt</strong></span> <span class='ocrx_word' id='word_1_97' title='bbox 487 1393 737 1452; x_wconf 90' lang='lat' dir='ltr'><strong>manum,</strong></span> <span class='ocrx_word' id='word_1_98' title='bbox 780 1391 893 1434; x_wconf 91' lang='lat' dir='ltr'><strong>non</strong></span> <span class='ocrx_word' id='word_1_99' title='bbox 917 1376 1159 1454; x_wconf 88' lang='lat' dir='ltr'><strong>denique</strong></span> <span class='ocrx_word' id='word_1_100' title='bbox 1188 1373 1660 1453; x_wconf 85' lang='lat' dir='ltr'><strong>adsurrexerunt,</strong></span> <span class='ocrx_word' id='word_1_101' title='bbox 1704 1374 1902 1435; x_wconf 88' lang='lat' dir='ltr'><strong>saltem</strong></span> <span class='ocrx_word' id='word_1_102' title='bbox 1927 1374 2150 1437; x_wconf 86' lang='lat' dir='ltr'><strong>lassitu-</strong></span> 
     </span>
     <span class='ocr_line' id='line_1_15' title="bbox 25 1456 2203 1542; baseline 0 -21"><span class='ocrx_word' id='word_1_103' title='bbox 25 1477 32 1498; x_wconf 78' lang='lat'>²</span> <span class='ocrx_word' id='word_1_104' title='bbox 98 1469 160 1521; x_wconf 79' lang='lat'><strong>15</strong></span> <span class='ocrx_word' id='word_1_105' title='bbox 178 1456 304 1517; x_wconf 90' lang='lat' dir='ltr'><strong>dine</strong></span> <span class='ocrx_word' id='word_1_106' title='bbox 332 1458 584 1518; x_wconf 90' lang='lat' dir='ltr'><strong>sedendi.</strong></span> <span class='ocrx_word' id='word_1_107' title='bbox 627 1457 783 1542; x_wconf 84' lang='lat' dir='ltr'><strong>Quae</strong></span> <span class='ocrx_word' id='word_1_108' title='bbox 809 1468 956 1519; x_wconf 88' lang='lat' dir='ltr'><strong>tanta</strong></span> <span class='ocrx_word' id='word_1_109' title='bbox 978 1456 1268 1536; x_wconf 77' lang='lat' dir='ltr'><strong>gravitas?</strong></span> <span class='ocrx_word' id='word_1_110' title='bbox 1308 1476 1452 1538; x_wconf 85' lang='lat' dir='ltr'><strong>quae</strong></span> <span class='ocrx_word' id='word_1_111' title='bbox 1479 1468 1626 1519; x_wconf 91' lang='lat' dir='ltr'><strong>tanta</strong></span> <span class='ocrx_word' id='word_1_112' title='bbox 1653 1456 1965 1538; x_wconf 78' lang='lat' dir='ltr'><strong>sapientia?</strong></span> <span class='ocrx_word' id='word_1_113' title='bbox 2005 1469 2203 1539; x_wconf 81' lang='lat' dir='ltr'><strong>quae3</strong></span> 
     </span>
     <span class='ocr_line' id='line_1_16' title="bbox 172 1542 2152 1621; baseline 0.001 -19"><span class='ocrx_word' id='word_1_114' title='bbox 172 1544 337 1602; x_wconf 89' lang='lat' dir='ltr'><strong>immo</strong></span> <span class='ocrx_word' id='word_1_115' title='bbox 362 1543 606 1620; x_wconf 82' lang='lat' dir='ltr'><strong>pigritia,</strong></span> <span class='ocrx_word' id='word_1_116' title='bbox 635 1542 978 1619; x_wconf 84' lang='lat' dir='ltr'><strong>adrogantia,</strong></span> <span class='ocrx_word' id='word_1_117' title='bbox 1010 1544 1341 1604; x_wconf 87' lang='lat' dir='ltr'><strong>sinisteritas</strong></span> <span class='ocrx_word' id='word_1_118' title='bbox 1367 1560 1434 1603; x_wconf 91' lang='lat' dir='ltr'><strong>ac</strong></span> <span class='ocrx_word' id='word_1_119' title='bbox 1458 1544 1645 1621; x_wconf 87' lang='lat' dir='ltr'><strong>potius</strong></span> <span class='ocrx_word' id='word_1_120' title='bbox 1676 1544 1931 1619; x_wconf 85' lang='lat' dir='ltr'><strong>amentia,</strong></span> <span class='ocrx_word' id='word_1_121' title='bbox 1959 1545 2014 1603; x_wconf 91' lang='lat' dir='ltr'><strong>in</strong></span> <span class='ocrx_word' id='word_1_122' title='bbox 2040 1544 2152 1604; x_wconf 88' lang='lat' dir='ltr'><strong>hoc</strong></span> 
     </span>
     <span class='ocr_line' id='line_1_17' title="bbox 173 1626 2151 1704; baseline 0.001 -20"><span class='ocrx_word' id='word_1_123' title='bbox 173 1633 349 1685; x_wconf 90' lang='lat' dir='ltr'><strong>totum</strong></span> <span class='ocrx_word' id='word_1_124' title='bbox 390 1626 538 1685; x_wconf 89' lang='lat' dir='ltr'><strong>diem</strong></span> <span class='ocrx_word' id='word_1_125' title='bbox 578 1626 885 1704; x_wconf 86' lang='lat' dir='ltr'><strong>inpendere</strong></span> <span class='ocrx_word' id='word_1_126' title='bbox 917 1636 977 1686; x_wconf 86' lang='lat' dir='ltr'><strong>ut</strong></span> <span class='ocrx_word' id='word_1_127' title='bbox 1015 1626 1298 1702; x_wconf 82' lang='lat' dir='ltr'><strong>offendas,</strong></span> <span class='ocrx_word' id='word_1_128' title='bbox 1341 1636 1401 1686; x_wconf 93' lang='lat' dir='ltr'><strong>ut</strong></span> <span class='ocrx_word' id='word_1_129' title='bbox 1441 1628 1719 1685; x_wconf 90' lang='lat' dir='ltr'><strong>inimicum</strong></span> <span class='ocrx_word' id='word_1_130' title='bbox 1756 1626 2041 1704; x_wconf 86' lang='lat' dir='ltr'><strong>relinquas</strong></span> <span class='ocrx_word' id='word_1_131' title='bbox 2079 1627 2151 1688; x_wconf 89' lang='lat' dir='ltr'><strong>ad</strong></span> 
     </span>
     <span class='ocr_line' id='line_1_18' title="bbox 173 1705 2202 1788; baseline 0.003 -21"><span class='ocrx_word' id='word_1_132' title='bbox 173 1727 341 1787; x_wconf 91' lang='lat' dir='ltr'><strong>quem</strong></span> <span class='ocrx_word' id='word_1_133' title='bbox 368 1718 644 1788; x_wconf 83' lang='lat' dir='ltr'><strong>tamquam</strong></span> <span class='ocrx_word' id='word_1_134' title='bbox 671 1711 1061 1770; x_wconf 90' lang='lat' dir='ltr'><strong>amicissimum</strong></span> <span class='ocrx_word' id='word_1_135' title='bbox 1086 1705 1354 1769; x_wconf 82' lang='lat' dir='ltr'><strong>veneris?</strong></span> <span class='ocrx_word' id='word_1_136' title='bbox 1394 1708 1674 1769; x_wconf 88' lang='lat' dir='ltr'><strong>Disertior</strong></span> <span class='ocrx_word' id='word_1_137' title='bbox 1702 1710 1830 1787; x_wconf 88' lang='lat' dir='ltr'><strong>ipse</strong></span> <span class='ocrx_word' id='word_1_138' title='bbox 1857 1707 1964 1770; x_wconf 74' lang='lat' dir='ltr'><strong>es?</strong></span> <span class='ocrx_word' id='word_1_139' title='bbox 1996 1720 2149 1772; x_wconf 89' lang='lat' dir='ltr'><strong>tanto</strong></span> <span class='ocrx_word' id='word_1_140' title='bbox 2165 1719 2202 1773; x_wconf 84' lang='lat'>4</span> 
     </span>
     <span class='ocr_line' id='line_1_19' title="bbox 172 1791 2151 1872; baseline 0.002 -21"><span class='ocrx_word' id='word_1_141' title='bbox 172 1794 372 1870; x_wconf 84' lang='lat' dir='ltr'><strong>magis,</strong></span> <span class='ocrx_word' id='word_1_142' title='bbox 396 1811 468 1853; x_wconf 87' lang='lat' dir='ltr'><strong>ne</strong></span> <span class='ocrx_word' id='word_1_143' title='bbox 492 1793 784 1853; x_wconf 84' lang='lat' dir='ltr'><strong>invideris:</strong></span> <span class='ocrx_word' id='word_1_144' title='bbox 825 1811 951 1853; x_wconf 89' lang='lat' dir='ltr'><strong>nam</strong></span> <span class='ocrx_word' id='word_1_145' title='bbox 978 1794 1072 1871; x_wconf 89' lang='lat' dir='ltr'><strong>qui</strong></span> <span class='ocrx_word' id='word_1_146' title='bbox 1101 1792 1311 1852; x_wconf 81' lang='lat' dir='ltr'><strong>invidet</strong></span> <span class='ocrx_word' id='word_1_147' title='bbox 1344 1794 1522 1851; x_wconf 89' lang='lat' dir='ltr'><strong>minor</strong></span> <span class='ocrx_word' id='word_1_148' title='bbox 1549 1801 1654 1851; x_wconf 90' lang='lat' dir='ltr'><strong>est.</strong></span> <span class='ocrx_word' id='word_1_149' title='bbox 1698 1791 1990 1872; x_wconf 88' lang='lat' dir='ltr'><strong>Denique,</strong></span> <span class='ocrx_word' id='word_1_150' title='bbox 2027 1797 2151 1855; x_wconf 88' lang='lat' dir='ltr'><strong>sive</strong></span> 
     </span>
     <span class='ocr_line' id='line_1_20' title="bbox 90 1874 2149 1956; baseline 0.002 -23"><span class='ocrx_word' id='word_1_151' title='bbox 90 1881 157 1934; x_wconf 88' lang='grc'><strong>20</strong></span> <span class='ocrx_word' id='word_1_152' title='bbox 173 1876 302 1956; x_wconf 90' lang='lat' dir='ltr'><strong>plus</strong></span> <span class='ocrx_word' id='word_1_153' title='bbox 333 1879 456 1938; x_wconf 90' lang='lat' dir='ltr'><strong>sive</strong></span> <span class='ocrx_word' id='word_1_154' title='bbox 484 1879 661 1938; x_wconf 90' lang='lat' dir='ltr'><strong>minus</strong></span> <span class='ocrx_word' id='word_1_155' title='bbox 694 1880 815 1938; x_wconf 91' lang='lat' dir='ltr'><strong>sive</strong></span> <span class='ocrx_word' id='word_1_156' title='bbox 848 1876 994 1937; x_wconf 89' lang='lat' dir='ltr'><strong>idem</strong></span> <span class='ocrx_word' id='word_1_157' title='bbox 1035 1885 1324 1956; x_wconf 82' lang='lat' dir='ltr'><strong>praestas,</strong></span> <span class='ocrx_word' id='word_1_158' title='bbox 1371 1874 1531 1937; x_wconf 89' lang='lat' dir='ltr'><strong>lauda</strong></span> <span class='ocrx_word' id='word_1_159' title='bbox 1565 1874 1660 1936; x_wconf 86' lang='lat' dir='ltr'><strong>vel</strong></span> <span class='ocrx_word' id='word_1_160' title='bbox 1699 1875 2019 1937; x_wconf 78' lang='lat' dir='ltr'><strong>inferiorem</strong></span> <span class='ocrx_word' id='word_1_161' title='bbox 2053 1877 2149 1938; x_wconf 85' lang='lat' dir='ltr'><strong>vel</strong></span> 
     </span>
     <span class='ocr_line' id='line_1_21' title="bbox 170 1960 2147 2041; baseline 0.001 -21"><span class='ocrx_word' id='word_1_162' title='bbox 170 1963 523 2039; x_wconf 91' lang='lat' dir='ltr'><strong>superiorem</strong></span> <span class='ocrx_word' id='word_1_163' title='bbox 551 1962 643 2021; x_wconf 88' lang='lat' dir='ltr'><strong>vel</strong></span> <span class='ocrx_word' id='word_1_164' title='bbox 671 1980 889 2041; x_wconf 88' lang='lat' dir='ltr'><strong>parem:</strong></span> <span class='ocrx_word' id='word_1_165' title='bbox 934 1963 1316 2039; x_wconf 87' lang='lat' dir='ltr'><strong>superiorem,</strong></span> <span class='ocrx_word' id='word_1_166' title='bbox 1358 1962 1516 2039; x_wconf 89' lang='lat' dir='ltr'><strong>quia,</strong></span> <span class='ocrx_word' id='word_1_167' title='bbox 1560 1961 1665 2019; x_wconf 91' lang='lat' dir='ltr'><strong>nisi</strong></span> <span class='ocrx_word' id='word_1_168' title='bbox 1693 1960 1994 2021; x_wconf 88' lang='lat' dir='ltr'><strong>laudandus</strong></span> <span class='ocrx_word' id='word_1_169' title='bbox 2026 1961 2147 2038; x_wconf 89' lang='lat' dir='ltr'><strong>ille,</strong></span> 
     </span>
     <span class='ocr_line' id='line_1_22' title="bbox 169 2044 2150 2124; baseline 0.001 -20"><span class='ocrx_word' id='word_1_170' title='bbox 169 2063 283 2104; x_wconf 88' lang='lat' dir='ltr'><strong>non</strong></span> <span class='ocrx_word' id='word_1_171' title='bbox 307 2054 474 2124; x_wconf 91' lang='lat' dir='ltr'><strong>potes</strong></span> <span class='ocrx_word' id='word_1_172' title='bbox 501 2046 626 2124; x_wconf 89' lang='lat' dir='ltr'><strong>ipse</strong></span> <span class='ocrx_word' id='word_1_173' title='bbox 650 2044 886 2114; x_wconf 84' lang='lat' dir='ltr'><strong>laudari;</strong></span> <span class='ocrx_word' id='word_1_174' title='bbox 926 2045 1251 2105; x_wconf 89' lang='lat' dir='ltr'><strong>inferiorem</strong></span> <span class='ocrx_word' id='word_1_175' title='bbox 1274 2053 1367 2105; x_wconf 89' lang='lat' dir='ltr'><strong>aut</strong></span> <span class='ocrx_word' id='word_1_176' title='bbox 1395 2062 1617 2123; x_wconf 90' lang='lat' dir='ltr'><strong>parem,</strong></span> <span class='ocrx_word' id='word_1_177' title='bbox 1651 2046 1779 2123; x_wconf 89' lang='lat' dir='ltr'><strong>quia</strong></span> <span class='ocrx_word' id='word_1_178' title='bbox 1807 2047 2052 2123; x_wconf 87' lang='lat' dir='ltr'><strong>pertinet</strong></span> <span class='ocrx_word' id='word_1_179' title='bbox 2078 2045 2150 2105; x_wconf 91' lang='lat' dir='ltr'><strong>ad</strong></span> 
     </span>
     <span class='ocr_line' id='line_1_23' title="bbox 169 2127 2148 2207; baseline 0 -18"><span class='ocrx_word' id='word_1_180' title='bbox 169 2139 318 2189; x_wconf 90' lang='lat' dir='ltr'><strong>tuam</strong></span> <span class='ocrx_word' id='word_1_181' title='bbox 344 2128 580 2206; x_wconf 87' lang='lat' dir='ltr'><strong>gloriam</strong></span> <span class='ocrx_word' id='word_1_182' title='bbox 607 2147 770 2207; x_wconf 89' lang='lat' dir='ltr'><strong>quam</strong></span> <span class='ocrx_word' id='word_1_183' title='bbox 796 2130 1089 2188; x_wconf 83' lang='lat' dir='ltr'><strong>maximum</strong></span> <span class='ocrx_word' id='word_1_184' title='bbox 1121 2127 1299 2187; x_wconf 84' lang='lat' dir='ltr'><strong>videri</strong></span> <span class='ocrx_word' id='word_1_185' title='bbox 1341 2146 1507 2206; x_wconf 90' lang='lat' dir='ltr'><strong>quem</strong></span> <span class='ocrx_word' id='word_1_186' title='bbox 1533 2129 1831 2205; x_wconf 87' lang='lat' dir='ltr'><strong>praecedis</strong></span> <span class='ocrx_word' id='word_1_187' title='bbox 1859 2128 1953 2189; x_wconf 89' lang='lat' dir='ltr'><strong>vel</strong></span> <span class='ocrx_word' id='word_1_188' title='bbox 1981 2147 2148 2189; x_wconf 85' lang='lat' dir='ltr'><strong>exae-</strong></span> 
     </span>
     <span class='ocr_line' id='line_1_24' title="bbox 170 2210 2196 2291; baseline 0.002 -20"><span class='ocrx_word' id='word_1_189' title='bbox 170 2230 331 2290; x_wconf 90' lang='lat' dir='ltr'><strong>quas.</strong></span> <span class='ocrx_word' id='word_1_190' title='bbox 396 2210 674 2291; x_wconf 87' lang='lat' dir='ltr'><strong>Equidem</strong></span> <span class='ocrx_word' id='word_1_191' title='bbox 712 2230 908 2274; x_wconf 88' lang='lat' dir='ltr'><strong>omnes</strong></span> <span class='ocrx_word' id='word_1_192' title='bbox 940 2214 1035 2291; x_wconf 90' lang='lat' dir='ltr'><strong>qui</strong></span> <span class='ocrx_word' id='word_1_193' title='bbox 1076 2211 1286 2291; x_wconf 90' lang='lat' dir='ltr'><strong>aliquid</strong></span> <span class='ocrx_word' id='word_1_194' title='bbox 1317 2213 1371 2271; x_wconf 91' lang='lat' dir='ltr'><strong>in</strong></span> <span class='ocrx_word' id='word_1_195' title='bbox 1407 2211 1603 2273; x_wconf 88' lang='lat' dir='ltr'><strong>studiis</strong></span> <span class='ocrx_word' id='word_1_196' title='bbox 1643 2212 1852 2273; x_wconf 88' lang='lat' dir='ltr'><strong>faciunt</strong></span> <span class='ocrx_word' id='word_1_197' title='bbox 1891 2214 2196 2275; x_wconf 82' lang='lat' dir='ltr'><strong>venerari5</strong></span> 
     </span>
     <span class='ocr_line' id='line_1_25' title="bbox 86 2295 2145 2375; baseline 0.001 -19"><span class='ocrx_word' id='word_1_198' title='bbox 86 2304 150 2356; x_wconf 78' lang='grc'><strong>25</strong></span> <span class='ocrx_word' id='word_1_199' title='bbox 169 2297 339 2356; x_wconf 91' lang='lat' dir='ltr'><strong>etiam</strong></span> <span class='ocrx_word' id='word_1_200' title='bbox 369 2298 665 2375; x_wconf 87' lang='lat' dir='ltr'><strong>mirarique</strong></span> <span class='ocrx_word' id='word_1_201' title='bbox 691 2296 873 2356; x_wconf 90' lang='lat' dir='ltr'><strong>soleo.</strong></span> <span class='ocrx_word' id='word_1_202' title='bbox 919 2295 1026 2357; x_wconf 89' lang='lat' dir='ltr'><strong>Est</strong></span> <span class='ocrx_word' id='word_1_203' title='bbox 1050 2299 1194 2356; x_wconf 90' lang='lat' dir='ltr'><strong>enim</strong></span> <span class='ocrx_word' id='word_1_204' title='bbox 1220 2314 1316 2356; x_wconf 86' lang='lat' dir='ltr'><strong>res</strong></span> <span class='ocrx_word' id='word_1_205' title='bbox 1347 2296 1592 2356; x_wconf 82' lang='lat' dir='ltr'><strong>difficilis</strong></span> <span class='ocrx_word' id='word_1_206' title='bbox 1634 2296 1802 2357; x_wconf 89' lang='lat' dir='ltr'><strong>ardua</strong></span> <span class='ocrx_word' id='word_1_207' title='bbox 1834 2296 2145 2375; x_wconf 80' lang='lat' dir='ltr'><strong>fastidiosa,</strong></span> 
     </span>
     <span class='ocr_line' id='line_1_26' title="bbox 166 2380 2147 2458; baseline 0.001 -20"><span class='ocrx_word' id='word_1_208' title='bbox 166 2389 226 2439; x_wconf 88' lang='lat' dir='ltr'><strong>et</strong></span> <span class='ocrx_word' id='word_1_209' title='bbox 271 2398 420 2457; x_wconf 89' lang='lat' dir='ltr'><strong>quac</strong></span> <span class='ocrx_word' id='word_1_210' title='bbox 460 2397 563 2440; x_wconf 91' lang='lat' dir='ltr'><strong>eos</strong></span> <span class='ocrx_word' id='word_1_211' title='bbox 604 2398 636 2439; x_wconf 88' lang='lat' dir='ltr'><strong>a</strong></span> <span class='ocrx_word' id='word_1_212' title='bbox 690 2380 892 2458; x_wconf 91' lang='lat' dir='ltr'><strong>quihus</strong></span> <span class='ocrx_word' id='word_1_213' title='bbox 934 2380 1309 2441; x_wconf 87' lang='lat' dir='ltr'><strong>contemnitur</strong></span> <span class='ocrx_word' id='word_1_214' title='bbox 1347 2382 1586 2440; x_wconf 85' lang='lat' dir='ltr'><strong>invicem</strong></span> <span class='ocrx_word' id='word_1_215' title='bbox 1627 2390 1959 2442; x_wconf 87' lang='lat' dir='ltr'><strong>contemnat.</strong></span> <span class='ocrx_word' id='word_1_216' title='bbox 2023 2380 2147 2442; x_wconf 90' lang='lat' dir='ltr'><strong>Nisi</strong></span> 
     </span>
     <span class='ocr_line' id='line_1_27' title="bbox 162 2462 2146 2544; baseline 0.002 -21"><span class='ocrx_word' id='word_1_217' title='bbox 162 2463 315 2525; x_wconf 82' lang='lat' dir='ltr'><strong>forte</strong></span> <span class='ocrx_word' id='word_1_218' title='bbox 339 2462 487 2524; x_wconf 90' lang='lat' dir='ltr'><strong>aliud</strong></span> <span class='ocrx_word' id='word_1_219' title='bbox 513 2464 723 2524; x_wconf 91' lang='lat' dir='ltr'><strong>iudicas</strong></span> <span class='ocrx_word' id='word_1_220' title='bbox 751 2473 840 2525; x_wconf 91' lang='lat' dir='ltr'><strong>tu:</strong></span> <span class='ocrx_word' id='word_1_221' title='bbox 883 2482 1208 2544; x_wconf 90' lang='lat' dir='ltr'><strong>quamquam</strong></span> <span class='ocrx_word' id='word_1_222' title='bbox 1234 2465 1360 2542; x_wconf 90' lang='lat' dir='ltr'><strong>quis</strong></span> <span class='ocrx_word' id='word_1_223' title='bbox 1393 2482 1504 2524; x_wconf 90' lang='lat' dir='ltr'><strong>uno</strong></span> <span class='ocrx_word' id='word_1_224' title='bbox 1530 2474 1587 2524; x_wconf 89' lang='lat' dir='ltr'><strong>te</strong></span> <span class='ocrx_word' id='word_1_225' title='bbox 1613 2467 1963 2528; x_wconf 88' lang='lat' dir='ltr'><strong>reverentior</strong></span> <span class='ocrx_word' id='word_1_226' title='bbox 1984 2465 2146 2526; x_wconf 89' lang='lat' dir='ltr'><strong>huius</strong></span> 
     </span>
     <span class='ocr_line' id='line_1_28' title="bbox 164 2545 2198 2647; baseline 0.002 -40"><span class='ocrx_word' id='word_1_227' title='bbox 164 2549 386 2625; x_wconf 87' lang='lat' dir='ltr'><strong>operis,</strong></span> <span class='ocrx_word' id='word_1_228' title='bbox 415 2550 539 2625; x_wconf 90' lang='lat' dir='ltr'><strong>quis</strong></span> <span class='ocrx_word' id='word_1_229' title='bbox 563 2548 858 2624; x_wconf 88' lang='lat' dir='ltr'><strong>benignior</strong></span> <span class='ocrx_word' id='word_1_230' title='bbox 882 2545 1245 2611; x_wconf 78' lang='lat' dir='ltr'><strong>aestimator?</strong></span> <span class='ocrx_word' id='word_1_231' title='bbox 1287 2546 1410 2620; x_wconf 85' lang='lat' dir='ltr'><strong>Qua</strong></span> <span class='ocrx_word' id='word_1_232' title='bbox 1430 2551 1648 2608; x_wconf 87' lang='lat' dir='ltr'><strong>ratione</strong></span> <span class='ocrx_word' id='word_1_233' title='bbox 1673 2548 1894 2627; x_wconf 87' lang='lat' dir='ltr'><strong>ductus,</strong></span> <span class='ocrx_word' id='word_1_234' title='bbox 1920 2550 2019 2610; x_wconf 87' lang='lat' dir='ltr'><strong>tibi</strong></span> <span class='ocrx_word' id='word_1_235' title='bbox 2039 2566 2145 2647; x_wconf 88' lang='lat' dir='ltr'><strong>po·</strong></span> <span class='ocrx_word' id='word_1_236' title='bbox 2163 2556 2198 2611; x_wconf 89' lang='lat'>6</span> 
     </span>
     <span class='ocr_line' id='line_1_29' title="bbox 160 2630 2146 2712; baseline 0.001 -22"><span class='ocrx_word' id='word_1_237' title='bbox 160 2633 439 2692; x_wconf 88' lang='lat' dir='ltr'><strong>tissimum</strong></span> <span class='ocrx_word' id='word_1_238' title='bbox 477 2630 906 2707; x_wconf 82' lang='lat' dir='ltr'><strong>indignationem</strong></span> <span class='ocrx_word' id='word_1_239' title='bbox 948 2651 1126 2694; x_wconf 87' lang='lat' dir='ltr'><strong>meam</strong></span> <span class='ocrx_word' id='word_1_240' title='bbox 1169 2631 1421 2711; x_wconf 87' lang='lat' dir='ltr'><strong>prodidi,</strong></span> <span class='ocrx_word' id='word_1_241' title='bbox 1466 2647 1632 2712; x_wconf 89' lang='lat' dir='ltr'><strong>quem</strong></span> <span class='ocrx_word' id='word_1_242' title='bbox 1678 2631 1889 2694; x_wconf 87' lang='lat' dir='ltr'><strong>habere</strong></span> <span class='ocrx_word' id='word_1_243' title='bbox 1931 2635 2146 2694; x_wconf 89' lang='lat' dir='ltr'><strong>socium</strong></span> 
     </span>
     <span class='ocr_line' id='line_1_30' title="bbox 21 2710 929 2795; baseline -0.003 -17"><span class='ocrx_word' id='word_1_244' title='bbox 21 2710 24 2723; x_wconf 74' lang='grc'><strong><em>’</em></strong></span> <span class='ocrx_word' id='word_1_245' title='bbox 79 2716 406 2778; x_wconf 59' lang='lat' dir='ltr'><strong>{tumaxime</strong></span> <span class='ocrx_word' id='word_1_246' title='bbox 435 2723 707 2795; x_wconf 86' lang='lat' dir='ltr'><strong>poteram.</strong></span> <span class='ocrx_word' id='word_1_247' title='bbox 767 2713 929 2775; x_wconf 89' lang='lat' dir='ltr'><strong>Vale.</strong></span> 
     </span>
    </p>
   </div>
   <div class='ocr_carea' id='block_1_5' title="bbox 735 2847 1589 3004">
    <p class='ocr_par' dir='ltr' id='par_1_6' title="bbox 735 2847 1589 3004">
     <span class='ocr_line' id='line_1_31' title="bbox 1051 2847 1260 2909; baseline -0.005 -1"><span class='ocrx_word' id='word_1_248' title='bbox 1051 2847 1260 2909; x_wconf 89' lang='lat' dir='ltr'><strong>XVIII.</strong></span> 
     </span>
     <span class='ocr_line' id='line_1_32' title="bbox 735 2946 1589 3004; baseline 0.002 -4"><span class='ocrx_word' id='word_1_249' title='bbox 735 2949 790 3004; x_wconf 86' lang='lat' dir='ltr'><strong>C.</strong></span> <span class='ocrx_word' id='word_1_250' title='bbox 827 2948 1076 3001; x_wconf 88' lang='lat' dir='ltr'><strong>PLINIUS</strong></span> <span class='ocrx_word' id='word_1_251' title='bbox 1108 2949 1340 3001; x_wconf 83' lang='lat' dir='ltr'><strong>SABINO</strong></span> <span class='ocrx_word' id='word_1_252' title='bbox 1379 2948 1498 3000; x_wconf 90' lang='lat' dir='ltr'><strong>SUO</strong></span> <span class='ocrx_word' id='word_1_253' title='bbox 1534 2946 1589 3002; x_wconf 90' lang='lat' dir='ltr'><strong>S.</strong></span> 
     </span>
    </p>
   </div>
   <div class='ocr_carea' id='block_1_6' title="bbox 77 3052 2193 3481">
    <p class='ocr_par' dir='ltr' id='par_1_7' title="bbox 77 3052 2193 3481">
     <span class='ocr_line' id='line_1_33' title="bbox 289 3052 2193 3134; baseline 0.002 -21"><span class='ocrx_word' id='word_1_254' title='bbox 289 3053 483 3132; x_wconf 87' lang='lat' dir='ltr'><strong>Rogas</strong></span> <span class='ocrx_word' id='word_1_255' title='bbox 514 3066 575 3116; x_wconf 89' lang='lat' dir='ltr'><strong>ut</strong></span> <span class='ocrx_word' id='word_1_256' title='bbox 611 3073 773 3133; x_wconf 88' lang='lat' dir='ltr'><strong>agam</strong></span> <span class='ocrx_word' id='word_1_257' title='bbox 803 3056 1181 3116; x_wconf 87' lang='lat' dir='ltr'><strong>Firmanorum</strong></span> <span class='ocrx_word' id='word_1_258' title='bbox 1211 3053 1492 3134; x_wconf 87' lang='lat' dir='ltr'><strong>publicam</strong></span> <span class='ocrx_word' id='word_1_259' title='bbox 1529 3069 1779 3122; x_wconf 81' lang='lat' dir='ltr'><strong>causam3</strong></span> <span class='ocrx_word' id='word_1_260' title='bbox 1825 3052 1978 3132; x_wconf 92' lang='lat' dir='ltr'><strong>quod</strong></span> <span class='ocrx_word' id='word_1_261' title='bbox 2005 3071 2140 3133; x_wconf 84' lang='lat' dir='ltr'><strong>ego,</strong></span> <span class='ocrx_word' id='word_1_262' title='bbox 2161 3062 2193 3117; x_wconf 93' lang='lat'>1</span> 
     </span>
     <span class='ocr_line' id='line_1_34' title="bbox 77 3135 2142 3218; baseline -0.003 -15"><span class='ocrx_word' id='word_1_263' title='bbox 77 3149 142 3203; x_wconf 84' lang='lat'><strong>35</strong></span> <span class='ocrx_word' id='word_1_264' title='bbox 162 3139 774 3218; x_wconf 83' lang='lat' dir='ltr'><strong>quamquamplurimis</strong></span> <span class='ocrx_word' id='word_1_265' title='bbox 814 3139 1280 3216; x_wconf 88' lang='lat' dir='ltr'><strong>occupationibus</strong></span> <span class='ocrx_word' id='word_1_266' title='bbox 1320 3137 1593 3198; x_wconf 88' lang='lat' dir='ltr'><strong>distentus</strong></span> <span class='ocrx_word' id='word_1_267' title='bbox 1609 3183 1627 3214; x_wconf 92' lang='lat'><strong>,</strong></span> <span class='ocrx_word' id='word_1_268' title='bbox 1670 3135 1894 3198; x_wconf 88' lang='lat' dir='ltr'><strong>adnitar.</strong></span> <span class='ocrx_word' id='word_1_269' title='bbox 1959 3135 2142 3217; x_wconf 86' lang='lat' dir='ltr'><strong>Cupio</strong></span> 
     </span>
     <span class='ocr_line' id='line_1_35' title="bbox 159 3220 2143 3299; baseline 0 -17"><span class='ocrx_word' id='word_1_270' title='bbox 159 3225 312 3283; x_wconf 89' lang='lat' dir='ltr'><strong>enim</strong></span> <span class='ocrx_word' id='word_1_271' title='bbox 339 3232 397 3282; x_wconf 88' lang='lat' dir='ltr'><strong>et</strong></span> <span class='ocrx_word' id='word_1_272' title='bbox 428 3225 829 3284; x_wconf 86' lang='lat' dir='ltr'><strong>ornatissimam</strong></span> <span class='ocrx_word' id='word_1_273' title='bbox 860 3222 1136 3283; x_wconf 91' lang='lat' dir='ltr'><strong>coloniam</strong></span> <span class='ocrx_word' id='word_1_274' title='bbox 1164 3223 1544 3282; x_wconf 85' lang='lat' dir='ltr'><strong>advocationis</strong></span> <span class='ocrx_word' id='word_1_275' title='bbox 1568 3220 1758 3281; x_wconf 84' lang='lat' dir='ltr'><strong>officio</strong></span> <span class='ocrx_word' id='word_1_276' title='bbox 1782 3229 1840 3280; x_wconf 91' lang='lat' dir='ltr'><strong>et</strong></span> <span class='ocrx_word' id='word_1_277' title='bbox 1859 3231 1917 3282; x_wconf 90' lang='lat' dir='ltr'><strong>te</strong></span> <span class='ocrx_word' id='word_1_278' title='bbox 1938 3223 2143 3299; x_wconf 85' lang='lat' dir='ltr'><strong>gratis-</strong></span> 
     </span>
     <span class='ocr_line' id='line_1_36' title="bbox 156 3304 2193 3384; baseline -0.001 -17"><span class='ocrx_word' id='word_1_279' title='bbox 156 3309 307 3367; x_wconf 90' lang='lat' dir='ltr'><strong>simo</strong></span> <span class='ocrx_word' id='word_1_280' title='bbox 328 3307 431 3367; x_wconf 90' lang='lat' dir='ltr'><strong>tibi</strong></span> <span class='ocrx_word' id='word_1_281' title='bbox 452 3325 681 3367; x_wconf 90' lang='lat' dir='ltr'><strong>munere</strong></span> <span class='ocrx_word' id='word_1_282' title='bbox 706 3307 1083 3384; x_wconf 87' lang='lat' dir='ltr'><strong>obstringere.</strong></span> <span class='ocrx_word' id='word_1_283' title='bbox 1126 3305 1266 3365; x_wconf 89' lang='lat' dir='ltr'><strong>Nam</strong></span> <span class='ocrx_word' id='word_1_284' title='bbox 1289 3323 1413 3365; x_wconf 92' lang='lat' dir='ltr'><strong>cum</strong></span> <span class='ocrx_word' id='word_1_285' title='bbox 1434 3304 1856 3365; x_wconf 82' lang='lat' dir='ltr'><strong>familiaritatem</strong></span> <span class='ocrx_word' id='word_1_286' title='bbox 1874 3315 2141 3381; x_wconf 86' lang='lat' dir='ltr'><strong>nostram,</strong></span> <span class='ocrx_word' id='word_1_287' title='bbox 2158 3313 2193 3365; x_wconf 83' lang='lat'><strong>2</strong></span> 
     </span>
     <span class='ocr_line' id='line_1_37' title="bbox 155 3389 2137 3481; baseline -0.001 -30"><span class='ocrx_word' id='word_1_288' title='bbox 155 3401 218 3453; x_wconf 88' lang='lat' dir='ltr'><strong>ut</strong></span> <span class='ocrx_word' id='word_1_289' title='bbox 237 3390 403 3481; x_wconf 31' lang='lat' dir='ltr'><strong>¹‚soles</strong></span> <span class='ocrx_word' id='word_1_290' title='bbox 424 3390 775 3472; x_wconf 84' lang='lat' dir='ltr'><strong>praedicare,</strong></span> <span class='ocrx_word' id='word_1_291' title='bbox 805 3389 875 3452; x_wconf 91' lang='lat' dir='ltr'><strong>ad</strong></span> <span class='ocrx_word' id='word_1_292' title='bbox 896 3390 1234 3471; x_wconf 84' lang='lat' dir='ltr'><strong>praesidium</strong></span> <span class='ocrx_word' id='word_1_293' title='bbox 1255 3397 1744 3469; x_wconf 85' lang='lat' dir='ltr'><strong>ornamentumque</strong></span> <span class='ocrx_word' id='word_1_294' title='bbox 1765 3391 1863 3450; x_wconf 89' lang='lat' dir='ltr'><strong>tibi</strong></span> <span class='ocrx_word' id='word_1_295' title='bbox 1884 3408 2137 3469; x_wconf 88' lang='lat' dir='ltr'><strong>sumpse·</strong></span> 
     </span>
    </p>
   </div>
  </div>
 </body>
</html>
