2467 3850
335 200 417 264 98
1172 197 1240 259 G.
1282 197 1473 259 PLINI
2454 263 2457 312 4

334 357 607 415 facturum
648 371 781 413 esse
823 351 1095 411 confidam
1137 352 1224 430 (id
1265 354 1411 411 enim
1451 361 1666 410 temere
1710 349 1909 411 credas
1947 352 2054 409 nisi
2105 367 2320 428 exper-
2454 341 2457 422 ᾗ

334 440 489 517 tus),
533 436 636 497 sed
678 438 806 514 quia
838 435 970 493 mihi
999 434 1293 513 pulchrum
1319 436 1376 493 in
1405 436 1595 512 primis
1623 433 1845 493 videtur
1869 450 1980 493 non
2012 435 2129 512 pati
2157 436 2320 495 occi·
2456 429 2457 442 ¹

332 523 470 582 dere
516 521 717 599 quibus
766 521 1066 579 aeternitas
1108 518 1380 578 debeatur
1426 517 1769 594 aliorumque
1810 517 2003 576 famam
2046 535 2174 577 cum
2216 537 2321 582 sua

284 604 661 669 2extendere.
721 602 815 662 Me
849 611 1036 661 autem
1073 601 1206 662 nihil
1248 620 1429 680 aeque
1460 619 1526 660 ac
1555 600 1922 660 diuturnitatis
1946 617 2102 660 amor
2127 610 2190 661 et
2218 619 2320 661 cn-

335 688 469 769 pido
498 686 797 763 sollicitat,
825 704 919 745 res
947 685 1168 745 homine
1198 686 1552 762 dignissima,
1599 702 1672 744 eo
1700 685 2033 762 praesertim
2063 686 2157 762 qui
2187 684 2318 743 nul·
2336 697 2368 747 5
2454 717 2457 764 ι

333 774 442 833 lius
475 772 582 832 sibi
613 772 874 831 conscius
905 768 1108 847 culpae
1128 771 1473 847 posteritatis
1495 770 1813 827 memoriam
1834 785 1944 827 non
1965 767 2318 829 reformidet.

287 855 533 934 altaque
565 854 761 914 diebus
783 872 850 913 ac
877 853 1136 912 noctibus
1172 854 1365 929 cogito
1395 854 1444 910 si
1474 870 1582 930 qna
1608 869 1697 910 me
1723 867 1947 929 quoque
1970 854 2186 930 possim
2208 852 2321 912 tol-
2456 861 2457 916 1

335 941 459 1000 lere
501 939 695 1007 humo;
742 938 798 996 id
833 939 979 997 enim
1005 946 1143 996 voto
1170 953 1301 995 meo
1329 935 1572 1012 sufficit,
1616 934 1755 994 illud
1793 952 1964 1012 supra
1987 944 2180 995 votum
2210 939 2318 995 ‘vi-

340 1034 575 1101 ctorque
602 1023 780 1079 virum
818 1019 1054 1080 volitare
1084 1036 1190 1097 per
1219 1035 1334 1079 ora.
1394 1018 1735 1096 Quamquam
1768 1017 1869 1077 o!'
1900 1018 2005 1079 sed
2035 1018 2148 1078 hoc
2177 1020 2318 1080 satis

292 1117 455 1184 4est,
488 1105 638 1183 quod
669 1121 852 1183 prope
887 1103 1011 1164 sola
1040 1103 1270 1163 historia
1298 1101 1559 1181 polliceri
1588 1102 1825 1162 videtur.
1888 1101 2135 1162 Orationi
2168 1105 2320 1162 enim
2336 1112 2403 1164 10

338 1201 396 1252 et
440 1190 665 1251 carmini
699 1205 870 1267 parva
909 1189 1117 1265 gratia,
1162 1187 1271 1245 nisi
1309 1185 1631 1263 eloquentia
1674 1195 1767 1245 est
1806 1202 2042 1246 summa:
2084 1185 2321 1246 historia

344 1290 571 1353 quoquo
600 1272 765 1331 modo
790 1272 1001 1349 scripta
1028 1269 1294 1331 delectat.
1353 1270 1494 1329 Sunt
1536 1270 1682 1328 enim
1709 1268 1963 1330 homines
1992 1277 2185 1330 natura
2220 1289 2319 1331 cu-

336 1359 472 1418 riosi
497 1365 554 1417 et
585 1354 885 1435 quamlibet
912 1353 1057 1413 nuda
1083 1371 1269 1413 rerum
1299 1353 1620 1431 cognitione
1652 1354 1959 1432 capiuntur,
1984 1364 2044 1413 ut
2073 1356 2166 1432 qui
2197 1373 2320 1415 ser-

337 1440 610 1501 munculis
647 1440 812 1500 etiam
841 1436 1176 1514 fabellisque
1207 1437 1493 1497 ducantur.
1553 1435 1646 1496 Me
1673 1454 1811 1497 vero
1845 1436 1914 1496 ad
1940 1436 2051 1497 hoe
2076 1438 2320 1497 studium

288 1537 319 1585 5
339 1523 572 1604 impellit
595 1522 958 1583 domesticum
980 1539 1205 1599 quoque
1231 1520 1570 1598 exemplum.
1612 1519 1937 1579 Avunculus
1959 1537 2116 1581 meus
2139 1522 2316 1581 idem·
2337 1526 2400 1578 15

341 1627 451 1688 que
481 1624 586 1685 per
622 1606 981 1685 adoptionem
1027 1615 1187 1682 pater
1224 1604 1485 1664 historias
1536 1614 1593 1663 et
1634 1605 1855 1683 quidem
1887 1604 2319 1681 religiosissime

344 1692 586 1770 scripsit.
661 1690 894 1749 Invenio
935 1698 1120 1748 autem
1158 1689 1307 1767 apud
1361 1688 1629 1769 sapientis
1680 1688 2131 1748 honestissimum
2180 1708 2317 1749 esse

340 1777 603 1834 maiorum
640 1774 881 1850 vestigia
920 1773 1116 1850 sequi,
1165 1773 1213 1834 si
1254 1772 1420 1848 modo
1459 1781 1619 1830 recto
1648 1771 1848 1832 itinere
1877 1774 2314 1851 praecesserint.

295 1870 326 1922 6
346 1858 459 1918 Cur
488 1875 627 1937 ergo
653 1853 927 1917 cunctor?
969 1855 1079 1934 Egi
1107 1874 1332 1933 magnas
1356 1864 1412 1915 et
1437 1873 1641 1933 graves
1667 1873 1882 1917 causas.
1924 1854 2061 1931 Has,
2098 1857 2316 1917 etiamsi

341 1944 471 2003 mihi
493 1944 676 2003 tenuis
706 1961 779 2002 ex
800 1942 887 2002 his
917 1958 1077 2019 spes,
1110 1938 1330 2000 destino
1358 1948 1685 2018 retractare,
1714 1958 1785 2000 ne
1815 1949 1997 2000 tantus
2024 1939 2121 2000 ille
2151 1940 2401 2000 laborm

342 2045 500 2087 meus
518 2073 535 2104 ,
572 2027 679 2084 nisi
712 2025 823 2084 hoc
867 2023 1015 2100 quod
1043 2021 1321 2100 reliquum
1342 2032 1432 2085 est
1461 2023 1626 2084 studii
1655 2023 1942 2102 addidero,
1970 2041 2188 2083 mecum
2220 2041 2319 2101 pa-

294 2119 324 2172 7
343 2113 478 2170 riter
500 2106 808 2169 intercidat.
861 2105 999 2165 Nam
1030 2106 1077 2165 si
1104 2107 1372 2167 rationem
1400 2107 1745 2186 posteritatis
1774 2108 2016 2185 babeas,
2051 2107 2322 2186 quidquid

343 2211 455 2251 non
487 2200 573 2253 est
601 2199 908 2268 peractum,
938 2205 1040 2266 pro
1072 2207 1181 2248 non
1202 2191 1464 2251 inchoato
1489 2200 1593 2251 est.
1637 2189 1811 2252 Dices
1841 2196 2030 2270 ‘potes
2062 2192 2225 2252 simul
2259 2201 2321 2251 et

344 2275 663 2334 rescribere
717 2272 971 2332 actiones
1015 2281 1073 2331 et
1121 2290 1465 2353 componere
1506 2275 1833 2335 historiam?
1906 2274 2150 2338 Utinam!
2212 2275 2321 2336 sed

293 2368 327 2419 8
344 2368 635 2434 utrumque
666 2366 773 2415 tam
795 2373 1056 2433 magnum
1085 2367 1173 2418 est
1194 2367 1255 2418 ut
1282 2358 1500 2421 abunde
1530 2360 1601 2419 sit
1623 2358 1854 2419 alterum
1877 2358 2127 2419 efficere.
2164 2359 2317 2419 Uno·
2337 2368 2404 2420 25

346 2439 727 2500 devicensimo
759 2441 954 2500 aetatis
983 2458 1124 2501 anno
1155 2441 1346 2503 dicere
1375 2444 1432 2501 in
1460 2443 1585 2504 foro
1617 2444 1804 2521 coepi,
1836 2452 1892 2503 et
1923 2461 2069 2502 nunc
2097 2442 2323 2503 demum

348 2524 480 2602 quid
508 2532 795 2603 praestare
825 2523 1024 2585 debeat
1053 2535 1272 2602 orator,
1315 2526 1493 2585 adbuc
1532 2536 1716 2585 tamen
1758 2543 1863 2604 per
1903 2526 2197 2603 caliginem
2238 2529 2322 2585 vi-

295 2616 329 2670 9
348 2608 475 2667 deo·
521 2605 688 2685 Quid,
715 2609 762 2668 si
789 2608 918 2668 huic
950 2610 1107 2668 oneri
1136 2628 1342 2669 novum
1363 2607 1713 2670 accesserit?
1748 2609 1929 2669 Habet
1950 2610 2175 2688 quidem
2197 2627 2323 2670 ora-

345 2693 425 2752 tio
453 2700 512 2752 et
540 2692 768 2752 historia
800 2693 968 2752 multa
1009 2694 1350 2770 communia,
1399 2693 1503 2753 sed
1530 2691 1691 2772 plura
1731 2692 1950 2754 diversa
1979 2695 2033 2752 in
2061 2693 2147 2754 his
2176 2695 2323 2773 ipsis

348 2794 491 2856 quae
522 2776 828 2836 communia
853 2777 1125 2836 videntur.
1191 2776 1386 2836 Narrat
1414 2776 1543 2853 illa,
1571 2786 1754 2836 narrat
1780 2777 1956 2855 haec,
1985 2776 2091 2838 sed
2124 2777 2320 2837 aliter:
2339 2783 2409 2841 30

346 2859 476 2921 huic
504 2859 773 2939 pleraque
795 2859 1019 2920 humilia
1048 2869 1106 2919 et
1137 2861 1362 2920 sordida
1382 2870 1440 2920 et
1467 2876 1540 2920 ex
1559 2860 1742 2923 medio
1772 2862 1979 2938 petita,
2019 2860 2099 2918 illi
2137 2863 2324 2921 omnia

269 2953 334 3004 10
348 2942 635 3002 recondita
686 2943 978 3021 splendida
1031 2943 1260 3004 excelsa
1303 2944 1666 3005 conveniunt:
1716 2944 1858 3007 hanc
1911 2945 2140 3023 saepius
2188 2963 2323 3005 ossa

349 3025 587 3084 musculi
613 3028 802 3102 nervi,
845 3026 995 3086 illam
1027 3029 1135 3085 tori
1169 3027 1388 3107 quidam
1417 3036 1475 3086 et
1507 3030 1665 3106 quasi
1700 3028 1865 3087 iubae
1894 3027 2126 3087 decent:
2177 3027 2325 3087 haec

347 3108 441 3167 vel
486 3109 717 3167 maxime
756 3112 812 3168 vi
849 3109 1203 3169 amaritudine
1246 3111 1532 3187 instantia,
1582 3109 1675 3170 illa
1724 3119 1903 3171 tractu
1945 3119 2003 3170 et
2044 3112 2323 3171 suavitate
2446 3170 2447 3173 ,

351 3191 532 3270 adque
564 3192 729 3251 etiam
756 3192 1052 3253 dulcedine
1086 3194 1293 3270 placet.
1358 3192 1649 3255 Postremo
1680 3195 1787 3254 alia
1817 3195 2023 3270 verba,
2053 3193 2197 3255 aliu-s
2228 3212 2323 3255 so·
2339 3204 2408 3259 35

270 3287 332 3339 ll
353 3293 490 3351 nus,
534 3274 641 3334 alia
681 3279 1042 3335 constructio.
1105 3275 1244 3336 Nam
1272 3276 1566 3354 plurimum
1604 3277 1810 3354 refert,
1862 3286 1923 3336 ut
1960 3277 2324 3352 Thucydides

353 3358 461 3432 ait,
493 3358 701 3436 κτῆμα
724 3359 797 3418 sit
825 3377 894 3417 an
916 3349 1258 3437 ἀγώνισμα
1281 3382 1294 3428 ;
1326 3376 1560 3437 quorum
1589 3360 1825 3421 alterum
1852 3362 2050 3437 oratio,
2083 3360 2326 3421 alterum

352 3439 973 3525 historiaaestrfflmbig,
987 3443 1168 3502 causis
1198 3459 1311 3502 non
1337 3441 1583 3504 adducor
1607 3454 1668 3504 ut
1689 3444 1800 3505 duo
1820 3443 2105 3507 dissimilia
2128 3454 2189 3507 et
2210 3446 2326 3507 boc

465 3552 468 3553 γ
554 3532 561 3538 ·
687 3532 694 3541 “
777 3519 956 3577 ,’“·”’κ“γ.“·“ξ.“”
992 3540 1000 3555 ⁴

693 3562 706 3585 ¹*
739 3566 790 3600 '''.·.*
803 3546 888 3599 ,SXW
956 3518 1008 3597 3·ὲὲ

717 3605 749 3616 «ι
768 3600 774 3606 ”
785 3596 816 3625 ’ᾖ
828 3598 884 3621 (με’

710 3626 721 3633 fl
740 3622 774 3661 ,ἶ
803 3630 853 3659 Ὃ,
875 3623 894 3633 ,ἱ

691 3684 708 3692 a
727 3658 738 3667 ⁸
781 3672 803 3688 x

2438 3782 2441 3807 i
