2467 3850
344 178 468 242 208
937 177 1000 238 C.
1045 176 1237 237 PLINI
1277 177 1376 238 ET
1419 176 1728 239 TRAIAM

345 329 530 410 quod,
566 340 626 391 ut
654 331 762 390 iam
798 329 1048 392 dixerant
1089 339 1439 391 sacramento
1472 330 1698 391 militari
1713 375 1732 406 ,
1775 327 2019 389 nondum
2047 327 2333 388 distributi

344 419 400 475 in
426 431 690 476 numeros
718 425 894 476 erant.
941 414 1089 488 Quid
1113 430 1255 494 ergo
1279 415 1514 475 debeam
1534 415 1696 492 sequi
1717 428 1888 492 rogo,
1912 411 2159 490 domine,
2191 412 2333 473 scri·

345 499 469 578 bas,
499 501 830 578 praesertim
858 517 987 559 cum
1016 502 1291 578 pertineat
1320 498 1390 559 ad
1417 498 1756 578 exemplum.

1035 629 1628 712 xxx.[xxxv1111.]
2350 669 2380 720 5
2449 699 2458 707 ,

1000 730 1327 782 TRAIANUS
1359 730 1566 782 PLINIO
1606 730 1659 780 S.

291 829 320 880 1
462 814 782 876 Secundum
819 815 1072 877 mandata
1108 834 1235 878 mea
1274 816 1413 877 fecit
1452 817 1820 895 Sempronius
1865 813 2165 877 Caelianus
2202 818 2330 878 mit·

344 899 514 961 tendo
543 899 611 960 ad
639 908 696 960 te
731 918 836 961 eos
866 900 938 961 de
967 900 1172 979 quibus
1204 902 1478 978 cognosci
1510 900 1793 980 oportebit
1822 918 1892 961 an
1921 899 2162 977 capitale
2194 918 2330 979 sup·

342 983 571 1063 plicium
598 986 873 1052 meruisse
902 984 1214 1045 videantur.
1280 983 1479 1045 Refert
1520 992 1703 1054 autem
1745 983 2038 1045 voluntarii
2068 1002 2134 1045 se
2165 984 2328 1045 obtu-

291 1068 506 1131 2lerint
538 1087 608 1129 an
637 1068 771 1129 lecti
798 1070 909 1131 sint
932 1068 1026 1129 vel
1057 1070 1220 1130 etiam
1252 1070 1444 1129 vicarii
1474 1067 1609 1129 dati.
1669 1069 1831 1129 Lecti
1853 1070 1912 1130 si
1942 1078 2101 1146 sunt,
2147 1069 2330 1146 inqui·
2350 1083 2410 1134 10

343 1154 472 1213 sitio
502 1155 793 1231 peccavit:
838 1155 888 1212 si
926 1155 1120 1213 vicarii
1151 1152 1294 1229 dati,
1337 1170 1518 1230 penes
1566 1170 1669 1213 eos
1714 1152 1877 1232 culpa
1910 1162 2000 1213 est
2030 1153 2125 1230 qui
2153 1152 2330 1213 dede-

340 1245 495 1296 runt:
525 1238 572 1296 si
602 1238 746 1315 ipsi,
775 1246 902 1295 cum
932 1238 1203 1297 haberent
1232 1235 1567 1297 conditionis
1597 1255 1734 1297 suae
1764 1239 2198 1315 conscientiam,
2230 1255 2330 1296 ve-

343 1328 573 1397 nerunt,
617 1320 1160 1381 animadvertendum
1201 1323 1258 1380 in
1297 1320 1430 1381 illos
1478 1322 1604 1380 erit.
1665 1321 1870 1399 Neque
1912 1323 2059 1380 enim
2097 1320 2332 1381 multum

343 1405 578 1463 interest
619 1404 770 1482 quod
809 1403 1051 1464 nondum
1089 1422 1195 1483 per
1223 1419 1487 1467 numeros
1519 1404 1797 1467 distributi
1829 1414 1975 1465 sunt.
2037 1402 2145 1465 Ille
2181 1406 2330 1464 enim

344 1486 467 1546 dies
513 1486 664 1566 [pro]
709 1504 822 1567 quo
852 1490 1085 1567 primum
1118 1490 1340 1567 probati
1379 1498 1508 1549 sunt
1547 1491 1839 1550 veritatem
1878 1489 1945 1548 ab
1985 1489 2056 1548 iis
2092 1488 2326 1565 originis
2348 1505 2406 1556 15

345 1587 479 1630 suae
506 1573 729 1648 exegit.-

1118 1656 1325 1719 XXXI.
1374 1656 1537 1736 [XL]

778 1756 833 1807 C.
866 1756 1117 1809 PLINIUS
1155 1757 1443 1809 TRAIANO
1478 1755 1892 1809 IMPERATORI.

296 1849 325 1902 1
471 1841 635 1903 Salva
654 1843 1031 1921 magnitudine
1061 1854 1174 1920 tua,
1211 1844 1456 1921 domine,
1489 1842 1803 1904 descendas
1836 1850 2061 1921 oportet
2081 1841 2153 1903 ad
2170 1859 2328 1902 meas
2459 1886 2460 1891 η

344 1944 541 2005 curas,
587 1946 714 1989 cum
739 1930 826 1989 ius
858 1929 990 1990 mibi
1021 1928 1248 1990 dederis
1277 1929 1562 1990 referendi
1587 1928 1656 1988 ad
1686 1938 1743 1988 te
1768 1926 1841 1988 de
1872 1928 2075 2006 quibus
2106 1925 2322 1987 dubito.
2341 1941 2407 1994 20

292 2022 327 2073 2
345 2010 408 2071 ln
439 2011 728 2091 plerisque
761 2013 1111 2091 civitatibus,
1141 2015 1379 2073 maxime
1407 2011 1770 2073 Nicomediae
1803 2021 1861 2071 et
1887 2010 2171 2088 Nicaeae,
2203 2012 2325 2089 qui·

344 2095 468 2155 dam
493 2095 589 2155 vel
630 2098 687 2156 in
727 2113 872 2175 opus
913 2096 1146 2158 damnati
1184 2096 1280 2156 vel
1320 2099 1378 2158 in
1417 2096 1605 2157 ludum
1643 2095 1956 2174 similiaque
1995 2096 2084 2155 bis
2113 2112 2326 2173 genera

345 2196 650 2256 poenarum
689 2178 1041 2259 publicorum
1082 2198 1373 2241 servorum
1416 2181 1605 2241 officio
1635 2182 2057 2259 ministerioque
2085 2179 2326 2257 fungun-

343 2273 434 2322 tur
459 2271 626 2339 atque
649 2264 815 2323 etiam
833 2273 893 2323 ut
916 2265 1124 2343 publici
1147 2266 1300 2327 servi
1323 2283 1500 2326 annua
1528 2267 1824 2342 accipiunt.
1873 2263 2037 2337 Quod
2061 2280 2174 2341 ego
2201 2280 2326 2322 cum

293 2344 645 2421 3audissem,
679 2346 772 2407 diu
801 2348 1141 2427 multumque
1169 2348 1440 2412 haesitavi
1470 2349 1602 2427 quid
1633 2349 1824 2408 facere
1857 2348 2143 2408 deberem.
2185 2346 2403 2413 Nam25

345 2436 404 2488 et
443 2427 684 2489 reddere
724 2448 950 2509 poenae
989 2442 1120 2511 post
1154 2433 1385 2510 longum
1425 2443 1646 2511 tempus
1680 2432 1990 2511 plerosque
2015 2433 2124 2491 iam
2153 2447 2324 2492 senes

343 2520 421 2589 et,
454 2522 715 2591 quantum
741 2513 1086 2592 adfirmatur,
1129 2516 1425 2593 frugaliter
1462 2516 1833 2596 modesteque
1872 2518 2134 2577 viventes
2162 2517 2324 2575 nimis

343 2614 603 2657 severum
629 2599 957 2677 arbitrabar,
991 2609 1048 2660 et
1075 2601 1130 2659 in
1146 2600 1394 2679 publicis
1414 2600 1621 2662 officiis
1642 2603 1888 2661 rotinere
1909 2600 2194 2661 damnatos
2214 2616 2325 2658 non

340 2683 477 2743 satis
519 2681 815 2744 honestum
851 2684 1140 2763 putabam
1191 2684 1422 2745 eosdem
1467 2703 1661 2745 rursus
1710 2703 1743 2744 a
1792 2703 1856 2744 re
1898 2683 2126 2764 publica
2165 2684 2322 2762 pasci

289 2767 559 2828 4otiosos
587 2766 815 2845 inutile,
844 2784 958 2827 non
983 2770 1141 2847 pasci
1171 2770 1335 2828 etiam
1363 2768 1742 2848 periculosum
1771 2769 2169 2830 existimabam.
2209 2765 2402 2829 Ne·30

340 2853 593 2911 cessario
619 2869 760 2929 ergo
787 2870 908 2913 rem
932 2861 1126 2929 totam,
1160 2852 1290 2911 dum
1307 2862 1367 2912 te
1400 2853 1787 2930 consulerem,
1825 2855 1881 2913 in
1923 2868 2204 2931 suspenso
2233 2869 2323 2910 re·

339 2931 496 3009 liqui.
561 2932 818 3006 Quaeres
860 2935 1106 2997 fortasse
1147 2935 1608 3014 quemadmodum
1653 2938 1909 2997 evenerit
1946 2946 2009 2997 ut
2036 2937 2239 3015 poenis
2268 2936 2323 2993 in

342 3031 481 3091 quas
523 3014 760 3079 damnati
800 3029 956 3080 erant
996 3019 1453 3080 exsolverentur:
1498 3028 1557 3081 et
1597 3038 1708 3097 ego
1751 3022 1998 3099 quaesii,
2043 3017 2147 3079 sed
2187 3017 2322 3077 nihil

341 3100 575 3174 conperi
616 3102 767 3179 quod
802 3103 1091 3163 adfirmare
1133 3105 1235 3166 tibi
1282 3105 1513 3183 possim.
1577 3104 1653 3165 Ut
1682 3103 1909 3164 decreta
1941 3104 2143 3181 quibus
2173 3102 2321 3163 dam-

340 3180 454 3237 nati
495 3192 652 3240 erant
689 3185 1153 3265 proferebantur,
1198 3189 1276 3247 ita
1314 3187 1467 3249 nulla
1504 3189 1838 3249 monimenta
1863 3188 2068 3266 quibus
2097 3186 2321 3246 liberati
2336 3194 2398 3248 35

290 3270 323 3322 5
341 3260 730 3340 probarentur.
784 3267 955 3329 Erant
983 3279 1166 3330 tamen
1186 3272 1283 3349 qui
1319 3271 1575 3333 dicerent
1600 3270 1976 3352 deprecantes
2005 3273 2164 3332 iussu
2190 3287 2322 3349 pro·

348 3341 641 3404 consulum
656 3346 1043 3425 legatorumve
1062 3352 1341 3415 dimissos.
1387 3355 1649 3417 Addebat
1670 3357 1834 3418 fidem
1864 3356 2017 3437 quod
2048 3353 2324 3415 credibile

343 3433 464 3485 erat
491 3429 765 3491 neminem
793 3434 905 3494 hoc
936 3450 1129 3495 ausum
1157 3440 1292 3498 sine,
1311 3450 1562 3503 auctore.
