2467 3850
321 181 443 246 194
1145 181 1212 244 C.
1258 181 1451 243 PLINI

320 342 454 415 q'ue,
486 336 719 413 agnosci
752 352 852 411 se,
883 336 1049 395 amari
1080 345 1269 414 putat,
1301 354 1333 395 a
1388 345 1444 395 at
1471 336 1631 415 ipse:
1661 341 1863 393 neuter
1889 332 2069 409 timet,
2100 341 2310 393 neuter

271 429 303 484 7
323 423 572 481 timetur:
627 418 788 478 huius
829 418 1061 496 fiducia,
1365 420 1473 480 udo
1514 418 1662 478 illius
1704 428 1958 495 augetur.
2023 415 2149 476 Nec
2190 432 2338 475 non,

320 503 412 563 alii
445 504 604 581 pueri
636 503 833 562 dextra
872 502 1146 580 laevaque
1189 503 1352 562 simul
1387 513 1521 563 eunt
1552 503 1841 563 hortantes
1872 509 2304 579 monentesque.

320 586 443 647 Ibat
472 605 578 646 una
605 586 691 664 (id
724 603 952 665 quoque
982 586 1208 663 mirum)
1241 585 1537 665 delphinus
1568 586 1742 663 alius,
1772 594 1979 645 tantum
2009 592 2309 662 spectator

322 680 381 731 et
423 687 633 730 comes.
699 668 848 730 Nihil
883 671 1029 729 enim
1066 669 1248 730 simile
1279 677 1370 730 aut
1400 670 1644 730 faciebat
1674 677 1767 729 aut
1805 670 2148 747 patiebatur,
2201 666 2360 729 sed5

268 754 556 819 Salterum
582 753 736 813 illum
768 753 1011 813 ducebat
1051 753 1512 831 reducebatque,
1549 761 1608 812 ut
1649 770 1882 833 puerum
1914 753 2092 811 ceteri
2122 752 2310 830 pueri.

322 836 685 913 Incredibile,
717 846 826 896 tam
847 855 1042 896 verum
1065 845 1249 896 tamen
1274 855 1436 914 quam
1466 839 1674 915 priora,
1706 835 2025 915 delphinum
2053 844 2309 912 gestato·

319 939 440 982 rem
482 922 951 999 conlusoremque
997 938 1299 1000 puerorum
1338 922 1396 980 in
1438 929 1641 980 terram
1681 937 1907 999 quoque
1953 919 2170 980 extrahi
2213 937 2309 980 so-

319 1005 476 1065 litum
510 1005 846 1082 harenisque
887 1006 1190 1080 siccatum,
1244 1004 1338 1064 ubi
1376 1002 1737 1081 incaluisset,
1779 1006 1837 1063 in
1874 1021 2025 1062 mare
2064 1003 2305 1063 revolvi.

269 1101 303 1155 9
321 1086 555 1149 Constat
580 1087 871 1148 Octavium
893 1088 1136 1164 Avitum,
1173 1088 1421 1165 legatum
1443 1105 1547 1166 pro
1574 1087 1830 1165 consule,
1863 1087 2073 1147 inlitus
2097 1087 2306 1146 educto

319 1172 594 1250 religione
625 1189 795 1250 prava
824 1170 1211 1250 superfudisse
1240 1180 1602 1249 unguentum,
1636 1173 1794 1232 cuius
1822 1169 1976 1230 illum
2003 1100 2441 1312 novitateffv

322 1256 667 1334 odoremque
698 1258 754 1315 in
787 1255 956 1315 altum
984 1254 1268 1332 refugisse
1302 1273 1411 1313 nec
1442 1256 1546 1314 nisi
1572 1264 1706 1333 post
1735 1255 1940 1315 multos
1975 1254 2096 1315 dies
2125 1256 2252 1315 visu

321 1339 641 1417 languidum
672 1348 730 1399 et
758 1348 1046 1414 maestum,
1079 1356 1212 1398 mox
1244 1338 1475 1399 redditis
1503 1340 1713 1399 viribus
1746 1341 1992 1416 priorem
2021 1338 2310 1398 lasciviam

240 1437 307 1489 10
324 1433 381 1483 et
409 1422 573 1485 solita
601 1424 901 1483 ministeria
928 1424 1232 1501 repetisse.
1297 1420 1663 1483 Confluebant
1692 1441 1886 1483 omnes
1916 1421 1986 1481 ad
2008 1431 2307 1500 spectacu-

323 1508 435 1567 lum
467 1510 819 1586 magistratus
836 1552 854 1584 ,
900 1524 1134 1586 quorum
1166 1505 1409 1565 adventu
1446 1516 1503 1565 et
1528 1524 1683 1566 mora
1710 1505 1931 1566 modica
1958 1523 2052 1566 res
2079 1505 2307 1584 publica
2326 1522 2389 1574 15

320 1593 483 1651 novis
526 1591 841 1669 sumptibus
894 1591 1254 1651 atterebatur.
1333 1589 1625 1649 Postremo
1676 1590 1838 1650 locus
1885 1590 2012 1668 ipse
2062 1592 2308 1667 quietem

325 1693 478 1736 suam
507 1685 902 1753 secretumque
928 1675 1221 1753 perdebat.
1260 1671 1475 1733 Placuit
1509 1673 1736 1735 occulte
1779 1674 2017 1733 interfici
2056 1673 2127 1733 ad
2155 1671 2308 1751 quod

243 1774 306 1824 11
329 1760 601 1820 coibatur.
646 1758 802 1820 Haec
823 1768 884 1818 tu
905 1777 1010 1837 qua
1029 1760 1409 1834 miseratione,
1442 1775 1551 1834 qua
1577 1761 1741 1836 copia
1772 1757 2031 1834 deflebiS,
2058 1758 2303 1832 ornabis,

322 1842 575 1905 attolles!
620 1843 962 1920 Quamquam
991 1861 1102 1902 non
1132 1851 1221 1902 est
1246 1858 1389 1918 opus
1415 1841 1661 1919 adtingas
1684 1840 1892 1919 aliquid
1911 1850 2003 1901 aut
2023 1841 2304 1903 adstruas:

322 1928 530 1990 sufficit
557 1948 630 1989 ne
661 1946 729 1989 ea
760 1946 905 2006 quae
936 1937 1066 1987 sunt
1095 1945 1231 1987 vera
1264 1928 1591 1986 minuantur.
1658 1926 1817 1986 Vale.
1940 1951 2040 2043 (ο.
2096 1941 2109 1953 ·
2322 1934 2391 1987 20

1175 2059 1465 2120 xxxnn.
1855 2040 1976 2141 ’.ξ
2107 1992 2161 2086 Ψ
2163 2015 2345 2180 49'319

819 2158 872 2209 c,
912 2158 1157 2211 PLmqu
1186 2159 1591 2219 TRANQUILLO
1630 2158 1748 2211 suo
1782 2157 1834 2215 S.
1852 2143 1946 2251 ᾗ
2043 2146 2102 2232 30·
2136 2165 2198 2262 3·
2270 2179 2288 2196 .

273 2277 305 2328 1
440 2259 678 2338 Explica
705 2269 921 2320 aestum
959 2279 1159 2320 meum.
1223 2261 1407 2321 Audio
1449 2279 1540 2320 me
1581 2260 1726 2321 male
1757 2260 1991 2338 legere,
2032 2260 2309 2321 dumtaxat
2344 2316 2353 2326 ,

323 2361 551 2412 versus;
604 2347 885 2404 orationes
921 2346 1065 2404 enim
1109 2344 1491 2422 commodius,
1537 2345 1641 2404 sed
1685 2354 1835 2405 tanto
1878 2346 2055 2403 minus
2085 2362 2305 2404 versus
2323 2358 2387 2410 25

326 2424 534 2503 Cogito
566 2446 728 2506 ergo,
753 2431 1087 2489 recitaturus
1122 2428 1481 2489 familiaribus
1508 2431 1737 2505 amicis,
1774 2430 2021 2508 experiri
2050 2429 2310 2489 libertum

324 2529 526 2571 meum.
567 2511 691 2572 Hoc
724 2530 948 2591 quoque
988 2513 1256 2572 familiare
1299 2513 1451 2591 quod
1477 2513 1630 2591 elegi
1659 2530 1772 2572 non
1802 2514 1947 2573 bene
1981 2511 2083 2573 sed
2107 2512 2308 2573 melius

274 2595 633 2673 2lectnrum,
676 2599 724 2656 si
761 2606 946 2657 tamen
983 2615 1095 2657 uon
1122 2596 1289 2655 fuerit
1318 2598 1694 2674 perturbatus.
1756 2595 1862 2657 Est
1893 2598 2040 2656 enim
2067 2604 2177 2656 tam
2209 2614 2305 2656 no·

323 2698 427 2740 vus
469 2681 656 2742 lector
691 2700 853 2760 quam
889 2697 1001 2758 ego
1032 2687 1224 2759 poeta.
1282 2678 1416 2759 Ipse
1444 2682 1642 2741 nescio
1678 2681 1811 2758 quid
1839 2679 1938 2740 illo
1964 2680 2199 2757 legente
2229 2682 2308 2740 in·

322 2767 485 2825 terim
513 2765 733 2842 faciam,
765 2766 993 2826 sedeam
1018 2763 1232 2824 defixus
1255 2773 1436 2824 mutus
1469 2773 1527 2824 et
1555 2763 1748 2825 similis
1770 2767 1954 2825 otioso
1980 2783 2069 2841 an,
2103 2773 2164 2823 ut
2189 2765 2388 2841 qui-30

325 2846 481 2926 dam,
513 2868 657 2929 quae
699 2849 1072 2928 pronuntiabit
1112 2865 1390 2908 murmure
1423 2847 1603 2909 oculis
1631 2866 1792 2908 manu
1825 2866 2154 2928 prosequar.
2196 2846 2312 2907 Sed

326 2939 462 3009 puto
504 2950 594 2991 me
633 2950 744 2994 uon
769 2935 952 2993 minus
981 2931 1124 2991 male
1157 2931 1363 2992 saltare
1392 2951 1554 3011 quam
1592 2932 1811 3010 legere.
1874 2932 2080 2993 Iterum
2108 2930 2334 2992 dicam&

326 3014 553 3091 explica
578 3026 792 3076 aestum
819 3034 1001 3077 meum
1028 3034 1281 3095 vereque
1311 3018 1568 3077 rescribe
1591 3034 1720 3076 num
1742 3019 1816 3078 sit
1838 3016 2036 3076 melius
2061 2977 2320 3096 pessimo}

326 3093 526 3173 legere
556 3117 718 3178 quam
742 3102 849 3161 ista
877 3099 972 3161 vel
998 3117 1110 3160 non
1139 3099 1330 3159 facere
1356 3100 1452 3160 vel
1483 3100 1694 3163 facere.
1738 3099 1901 3162 Vale.
2178 3163 2217 3213 ἡ
2330 3080 2403 3197 §⁰

1200 3229 1431 3296 xxxv,
2148 3181 2205 3291 i
2220 3194 2386 3347 43³⁵

933 3331 988 3385 0.
1030 3332 1280 3383 PLINIUS
1309 3332 1506 3384 *ATRIO
1543 3331 1662 3385 SUO
1687 3333 1742 3387 S.
2193 3336 2237 3393 x)

278 3438 309 3489 1
449 3426 671 3488 Librum
695 3446 861 3507 quem
887 3433 1083 3492 misisti
1105 3435 1303 3513 recepi
1332 3442 1392 3496 et
1418 3437 1626 3513 gratias
1655 3452 1784 3514 ago.
1826 3434 1957 3496 Sum
1986 3379 2309 3571 tamenlhqoc

2146 3552 2310 3716 §a

1017 3743 1209 3817 h
2198 3684 2286 3811 ἐξ
