2467 3850
314 193 436 257 164
1160 190 1228 252 C.
1272 190 1465 253 PLINI

309 348 467 423 iuvit,
496 363 621 405 cum
650 354 877 406 senatus
902 353 993 404 aut
1018 343 1086 405 ad
1111 345 1285 404 otium
1319 361 1589 404 summum
1616 353 1712 404 aut
1744 343 1814 404 ad
1844 360 2115 404 summum
2141 342 2309 406 nefas

306 440 609 491 vocaretur
651 440 708 490 et
754 428 923 488 modo
964 427 1206 488 ludibrio
1251 429 1419 489 modo
1467 428 1647 488 dolori
1700 436 1956 489 retentus
2007 446 2309 506 numquam

261 516 480 591 9seria,
520 516 700 575 tristia
731 531 907 592 saepe
940 509 1246 574 censeret?
1290 511 1505 572 Eadem
1538 510 1679 572 mala
1710 514 1814 571 iam
1844 522 2163 589 senatores,
2197 514 2308 572 iam

306 599 617 677 participes
663 597 933 657 malorum
994 597 1200 657 multos
1255 615 1362 675 per
1415 614 1590 658 annos
1645 595 1883 658 vidimus
1929 595 2306 675 tulimusque;

307 683 509 761 quibus
537 683 760 760 ingenia
792 692 984 742 nostra
1011 683 1066 741 in
1096 690 1388 761 posterum
1424 700 1651 761 quoque
1680 680 1944 741 hebetata
1967 681 2143 741 fracta
2170 692 2358 743 con-5

222 779 287 829 10
306 777 431 827 tusa
463 776 610 827 sunt.
654 766 839 826 Breve
866 775 1087 844 tempus
1118 767 1274 845 (nam
1298 774 1452 825 tanto
1486 766 1714 826 brevius
1745 782 1908 824 omne
1941 774 2150 844 quanto
2173 764 2307 824 feli-

307 852 428 911 cius
456 852 747 930 tempus),
778 868 890 928 quo
919 850 1059 910 libet
1087 851 1239 910 scire
1272 850 1406 929 quid
1435 850 1644 927 simus,
1675 849 1813 909 libet
1840 867 2114 910 exercere
2147 849 2307 927 quod

305 953 513 995 sumus,
599 934 726 1008 Quo
771 936 969 996 iustius
1002 944 1172 1013 peto,
1204 936 1442 1013 primum
1485 943 1543 992 ut
1587 933 1799 1009 errori,
1848 934 1897 992 si
1931 934 2057 1011 quis
2088 941 2180 993 est
2210 952 2302 992 er·

300 1035 428 1097 ror,
461 1019 670 1079 tribuas
696 1021 950 1096 veniam,
983 1017 1186 1077 deinde
1216 1016 1495 1078 medearis
1529 1017 1766 1077 scientia
1798 1024 1912 1094 tua,
1946 1018 2036 1076 cui
2069 1034 2306 1096 semper

301 1103 405 1163 fuit
437 1121 602 1163 curae
643 1105 728 1164 sic
768 1105 887 1162 iura
909 1102 1140 1181 publica
1169 1110 1228 1161 ut
1270 1102 1518 1180 privata,
1554 1102 1639 1162 sic
1679 1100 1903 1179 antiqua
1931 1110 1990 1161 ut
2019 1103 2302 1178 recentia,
2322 1115 2387 1179 lo

220 1188 390 1254 usic
429 1205 552 1247 rara
595 1196 655 1247 ut
694 1188 917 1248 assidua
955 1196 1214 1247 tractare.
1288 1184 1493 1263 Adque
1542 1203 1656 1262 ego
1697 1184 1935 1244 arbitror
1970 1183 2082 1244 illis
2119 1187 2303 1257 ‚etiam

303 1273 504 1351 quibus
530 1271 889 1352 plurimarum
918 1288 1103 1330 rerum
1132 1271 1364 1347 agitatio
1394 1269 1665 1346 frequens
1698 1267 1835 1327 nihil
1866 1287 2001 1329 esse
2041 1269 2301 1345 ignotum

298 1356 614 1433 patiebatur
649 1375 830 1433 genus
869 1356 1215 1434 quaestionis
1256 1354 1408 1432 quod
1453 1353 1648 1413 adsero
1693 1351 1761 1412 ad
1802 1361 1861 1412 te
1890 1361 2128 1412 autnon
2158 1354 2300 1413 satis

298 1440 483 1498 tritum
514 1451 604 1500 aut
635 1442 799 1500 etiam
822 1442 1174 1518 inexpertum
1203 1438 1405 1498 fuisse.
1469 1434 1594 1496 Hoc
1626 1446 1685 1496 et
1715 1454 1828 1514 ego
1857 1439 2215 1514 excusatior,
2249 1438 2299 1497 si

296 1523 447 1583 forte
479 1542 599 1584 sum
623 1524 852 1603 lapsus,
896 1533 953 1583 et
982 1533 1042 1583 tu
1067 1523 1290 1599 dignior
1304 1521 1520 1599 laude,
1563 1523 1612 1579 si
1645 1529 1812 1600 potes
1846 1520 1901 1580 id
1933 1539 2162 1600 quoque
2199 1521 2299 1580 do·
2319 1529 2382 1581 15

215 1618 281 1670 12
297 1624 430 1666 cere
467 1609 617 1686 quod
639 1611 691 1667 in
717 1609 965 1668 obscuro
997 1617 1087 1667 est
1115 1625 1184 1667 an
1220 1606 1508 1666 didiceris.
1561 1603 1939 1666 Referebatur
1971 1604 2041 1665 de
2071 1602 2295 1665 libertis

296 1690 489 1750 Afrani
522 1692 719 1752 Dextri
752 1692 1026 1769 consulis,
1058 1693 1333 1751 incertum
1364 1709 1463 1751 sua
1489 1709 1559 1750 an
1589 1707 1817 1750 suorum
1843 1707 2028 1767 manu,
2064 1689 2295 1749 scelere

294 1792 360 1833 an
403 1775 680 1856 obsequio
722 1778 1022 1856 perempti.
1092 1773 1211 1835 Hos
1242 1775 1382 1836 alius
1413 1770 1681 1854 (tquis‘v
1728 1774 1942 1852 inquis:
1993 1791 2137 1851 egos
2187 1772 2295 1832 sed

291 1859 427 1918 nihil
452 1860 659 1939 refert)
683 1871 814 1941 post
848 1861 1234 1941 quaestionem
1269 1858 1551 1939 supplicio
1580 1858 1925 1936 liberandos,
1959 1857 2099 1918 alius
2130 1858 2187 1917 in
2211 1858 2293 1917 in·

292 1944 470 2005 sulam
498 1944 859 2022 relegandoS,
890 1945 1030 2005 alius
1060 1955 1239 2006 morte
1273 1943 1587 2023 puniendos
1609 1944 1994 2004 arbitrabatur.
2043 1942 2292 2016 Quarum
2308 1950 2382 2004 20

291 2032 689 2090 sententiarum
719 2039 866 2089 tanta
892 2029 1187 2090 diversitas
1210 2039 1332 2089 erat
1365 2038 1425 2089 ut
1454 2045 1567 2088 non
1598 2036 1835 2107 possent
1868 2045 2001 2088 esse
2036 2028 2145 2088 nisi
2177 2027 2289 2087 sin-

209 2122 273 2175 13
291 2113 476 2189 gulae.
547 2112 693 2184 Quid
723 2116 869 2172 enim
902 2131 1194 2173 commune
1217 2114 1388 2174 habet
1422 2112 1689 2174 occidere
1726 2122 1784 2173 et
1819 2108 2125 2188 relegare?
2177 2128 2292 2170 non

289 2194 536 2255 Hercule
581 2198 758 2272 magis
793 2213 959 2274 quam
998 2196 1264 2273 relegare
1306 2207 1364 2257 et
1408 2195 1745 2258 absolvere:
1795 2213 2123 2274 quamquam
2156 2212 2288 2275 pro-

288 2280 416 2357 pior
462 2278 744 2356 aliquanto
789 2289 879 2339 est
917 2282 1231 2344 sententiae
1270 2280 1581 2359 relegantis
1626 2299 1771 2359 quae
1825 2279 2069 2340 absolvit
2122 2298 2290 2358 quam

288 2378 432 2438 quae
474 2362 710 2430 occidit;
754 2373 989 2441 utraque
1025 2367 1172 2424 enim
1201 2384 1277 2424 ex
1315 2365 1425 2425 illis
1454 2367 1620 2425 vitam
1650 2364 1946 2443 relinquit,
1999 2364 2141 2423 haec
2170 2365 2286 2423 adi·
2303 2376 2376 2429 25

287 2446 415 2504 mit:
448 2464 575 2505 cum
603 2448 822 2506 interim
851 2457 908 2506 et
936 2450 1030 2526 qui
1059 2458 1241 2509 morte
1270 2449 1573 2529 puniebant
1603 2458 1660 2509 et
1695 2451 1788 2528 qui
1817 2448 2149 2525 relegabant
2180 2466 2289 2508 una

288 2528 560 2590 sedebant
591 2541 649 2590 et
684 2533 1017 2612 temporaria
1057 2533 1410 2594 simulatione
1441 2532 1781 2593 concordiae
1811 2532 2152 2592 discordiam
2181 2532 2286 2592 dif-

207 2612 566 2679 14ferebant.
630 2614 759 2693 Ego
800 2616 1154 2695 postulabam
1191 2628 1252 2677 ut
1290 2618 1464 2679 tribus
1501 2618 1794 2677 sententiis
1828 2625 2116 2677 constaret
2147 2635 2286 2678 suus

281 2717 580 2776 numerus,
615 2718 723 2759 nec
753 2718 817 2761 se
848 2701 1118 2762 brevibus
1138 2703 1369 2762 indutiis
1404 2701 1546 2760 duae
1579 2703 1897 2777 iungerent.
1964 2699 2288 2777 Exigebam

284 2800 425 2859 ergo
456 2793 515 2842 ut
546 2785 640 2863 qui
677 2784 899 2863 capitali
928 2786 1213 2866 supplicio
1248 2785 1594 2846 adliciendos
1626 2785 1893 2864 putabant
1916 2783 2371 2855 discederentffl)

279 2882 312 2922 a
340 2866 654 2945 relegante,
680 2889 788 2930 nec
817 2872 1037 2930 interim
1071 2880 1266 2931 contra
1288 2868 1636 2930 absolventis
1659 2886 1788 2928 mox
1811 2869 2122 2930 dissensuri
2149 2887 2284 2930 con·

280 2961 672 3029 gregarentur,
706 2956 833 3032 quia
856 2954 1148 3033 parvolum
1178 2954 1421 3015 referret
1451 2972 1519 3013 an
1551 2953 1698 3013 idem
1721 2952 2053 3032 displiceret
2076 2954 2283 3032 quibus

200 3039 265 3091 15
282 3049 394 3091 non
424 3034 571 3093 idem
594 3036 926 3113 placuisset.
971 3038 1116 3098 Illud
1146 3041 1314 3098 etiam
1337 3037 1468 3096 mihi
1500 3037 1804 3115 permirum
1830 3036 2129 3097 videbatur
2152 3056 2284 3097 eum

281 3115 506 3192 quidem
550 3120 643 3195 qui
687 3118 923 3183 libertos
951 3123 1331 3200 relegandos,
1376 3139 1578 3182 servos
1611 3121 1896 3200 supplicio
1928 3120 2280 3189 adliciendos

280 3200 599 3259 censuisset
637 3214 893 3263 coactum
923 3224 1057 3266 esse
1089 3207 1342 3266 dividere
1373 3206 1743 3283 sententiam,
1790 3205 1939 3265 hunc
1968 3214 2155 3265 autem
2186 3208 2281 3288 qui
2298 3214 2366 3269 35

278 3281 514 3341 libertos
546 3294 725 3345 morte
755 3288 1016 3350 multaret
1045 3308 1171 3348 cum
1203 3290 1499 3367 relegante
1528 3289 1825 3349 numerari.
1868 3287 2010 3350 Nam
2033 3289 2082 3349 si
2108 3307 2280 3369 opor-

277 3367 479 3424 tuisset
511 3364 678 3425 dividi
712 3374 1042 3432 sententiam
1074 3374 1261 3449 unius,
1291 3377 1418 3452 quia
1444 3392 1539 3434 res
1569 3373 1705 3433 duas
1732 3373 2280 3453 comprehendebat,

277 3462 388 3508 non
429 3450 784 3526 reperiebam
816 3455 1280 3531 quemadmodum
1318 3467 1519 3534 posset
1542 3458 1696 3534 iungi
1725 3458 2007 3518 sententia
2038 3456 2279 3519 duorum

146 3725 255 3737 *ι

54 3751 363 3811 Q
