2467 3850
295 166 418 229 242
1120 162 1183 224 C.
1228 160 1419 224 PLINI

294 330 351 379 et
382 318 540 378 favor
567 326 699 378 tunc
730 317 946 393 statim,
979 333 1106 375 cum
1137 315 1207 375 ad
1234 317 1543 377 exercitum
1569 314 2037 394 proficiscereriS‚
2069 322 2128 374 et
2150 314 2277 391 qui-

293 404 420 462 dem
450 403 711 462 inusitato
739 401 970 461 indicio
1000 402 1232 460 enotuit.
1301 398 1440 460 Nam
1472 409 1697 459 ceteros
1726 401 2012 478 principes
2041 408 2134 458 aut
2162 398 2277 456 lar-

291 505 398 564 gus
431 504 597 545 cruor
637 486 939 544 hostiarum
976 493 1069 544 aut
1113 485 1342 544 sinister
1381 482 1601 544 volatus
1632 484 1814 542 avium
1845 482 2276 542 consulentibus

289 571 592 646 nuntiavit,
632 569 732 628 tibi
777 567 1103 628 ascendenti
1134 566 1203 626 de
1245 584 1400 626 more
1441 565 1774 643 Capitolium
1806 583 2132 644 quamquam
2158 582 2277 624 non
2450 555 2451 644 1

291 653 348 712 id
376 655 656 730 agentium
693 654 895 712 civium
926 651 1164 727 clamor,
1214 661 1276 710 ut
1302 652 1410 710 iam
1437 652 1708 730 principi,
1763 652 2036 717 occurrit:
2093 650 2325 726 siqui-5
2450 653 2451 662 ’

293 738 420 796 dem
452 730 629 796 omnis
657 736 815 795 turba
846 753 990 812 quae
1020 733 1188 793 limen
1226 734 1509 794 insederat
1547 734 1616 793 ad
1655 738 1974 811 ingressum
2003 741 2157 791 tuum
2186 732 2275 793 fo-

289 822 444 880 ribus
465 819 704 879 reclusis
722 819 816 879 illa
840 819 1085 897 quidem,
1116 828 1175 878 ut
1203 827 1336 877 tunc
1361 818 1745 894 arbitrabatur,
1779 818 1963 892 deum,
1996 826 2272 893 ceterum,

291 915 352 964 ut
383 904 573 963 docuit
603 914 839 963 eventus
857 949 873 980 ,
916 910 975 961 te
1006 900 1373 962 consalutavit
1402 904 1813 979 imperatorem.
1891 899 2015 959 Nec
2046 900 2212 960 aliter
2241 918 2275 959 a

294 990 511 1047 cunctis
555 1005 719 1046 omen
760 995 1058 1065 acceptum
1101 994 1205 1045 est.
1273 984 1413 1045 Nam
1452 989 1577 1064 ipse
1619 984 1959 1061 intellegere
2001 984 2270 1044 nolebas:

288 1071 593 1131 recusabas
623 1071 769 1129 enim
797 1072 1100 1150 imperare;
1140 1070 1477 1145 recusabas,
1521 1069 1671 1146 quod
1701 1069 1850 1129 bene
1881 1078 1999 1127 erat
2029 1071 2270 1145 impera·
2291 1073 2356 1125 lo
2426 1097 2451 1128 ,κ

291 1157 420 1215 turi.
483 1154 659 1231 Igitur
684 1152 975 1230 cogendus
1004 1154 1173 1212 fuisti.
1244 1151 1389 1229 Cogi
1430 1170 1602 1230 porro
1633 1169 1746 1212 non
1775 1162 2002 1230 poteras
2032 1154 2138 1212 nisi
2167 1169 2270 1229 pe·

288 1237 469 1298 riculo
497 1239 708 1316 patriae
740 1246 799 1296 et
830 1239 1113 1297 nutat-ione
1154 1238 1237 1296 rei
1268 1235 1549 1316 publicae.
1617 1236 1962 1297 Obstinatum
1994 1233 2139 1296 enim
2166 1234 2270 1294 tibi

286 1341 401 1382 non
443 1324 737 1398 suscipere
771 1322 1096 1398 imperium,
1139 1322 1247 1379 nisi
1281 1319 1613 1381 servandum
1648 1320 1868 1380 fuisset.
1940 1319 2125 1393 Quare
2155 1335 2270 1395 ego

289 1406 444 1465 illum
474 1408 656 1483 ipsum
675 1403 921 1463 furorem
947 1413 1270 1481 motumque
1296 1414 1642 1464 castrensem
1665 1422 1796 1463 reor
1819 1405 2073 1464 extitisse
2089 1449 2107 1480 ‚
2141 1405 2271 1481 quia

288 1507 485 1565 magna
522 1490 579 1545 vi
621 1505 936 1566 magnoque
972 1497 1188 1547 terrore
1218 1488 1493 1548 modestia
1524 1497 1618 1547 tua
1659 1487 1934 1547 vincenda
1973 1497 2109 1547 erat.
2178 1486 2268 1545 Ac
2288 1495 2350 1547 15

292 1576 438 1631 sicut
466 1573 630 1630 maris
660 1570 919 1651 caelique
957 1572 1291 1649 temperiem
1319 1573 1571 1632 turbines
1602 1579 2083 1650 tempestatesque
2116 1587 2268 1629 com·

292 1655 584 1732 mendant,
626 1657 700 1715 ita
738 1654 809 1714 ad
849 1655 1156 1732 augendam
1185 1658 1345 1733 pacis
1377 1664 1503 1716 tuae
1535 1658 1765 1733 gratiam
1793 1654 1949 1714 illum
1979 1652 2269 1713 tumultum

289 1742 680 1818 praecessisse
712 1738 1061 1799 crediderim.
1131 1738 1314 1799 Habet
1343 1740 1442 1800 has
1471 1742 1631 1800 vices
1676 1739 1920 1804 conditio
1959 1737 2268 1798 mortalium

289 1833 349 1883 ut
377 1821 613 1883 adversa
642 1841 714 1882 ex
735 1823 1023 1901 secundis,
1057 1842 1129 1882 ex
1156 1823 1407 1883 adversis
1432 1823 1677 1884 secunda
1699 1832 2012 1883 nascantur.
2060 1821 2267 1881 Occul-

290 1917 367 1968 tat
405 1917 766 1985 utrorumque
812 1909 1027 1968 semina
1075 1907 1248 1986 deus,
1300 1918 1358 1969 et
1403 1907 1733 1987 plerumque
1781 1908 2053 1967 bonorum
2093 1905 2349 1970 malo-20

228 1994 518 2070 firumq'ue
563 2010 765 2052 causae
802 1992 905 2052 sub
945 1991 1169 2052 diversa
1206 1995 1407 2069 specie
1453 1992 1641 2051 latent.
1729 1990 1987 2069 Magnum
2039 1990 2264 2069 quidem
2450 2022 2451 2027 κ

291 2075 429 2135 illud
472 2074 704 2136 saeculo
744 2075 1029 2153 dedecuS‚
1077 2092 1337 2152 magnum
1376 2078 1460 2135 rei
1500 2075 1762 2154 publicae
1801 2074 2001 2134 vulnus
2045 2077 2262 2152 inpres-

289 2178 410 2220 sum
449 2168 565 2218 est:
616 2160 917 2236 imperator
958 2169 1015 2219 et
1057 2177 1262 2236 parens
1312 2161 1541 2237 generis
1584 2159 1799 2219 humani
1851 2159 2124 2219 obsessus
2171 2175 2260 2216 ca·

289 2252 417 2319 ptus
452 2239 733 2317 inclusus,
763 2241 944 2302 ablata
974 2245 1264 2304 mitissimo
1288 2245 1409 2304 seni
1435 2243 1830 2303 servandorum
1858 2243 2137 2302 hominum
2159 2258 2261 2320 po·

287 2334 495 2400 testas,
554 2335 922 2403 ereptumque
966 2329 1201 2407 principi
1245 2326 1379 2386 illud
1418 2327 1473 2385 in
1516 2327 1828 2405 principatu
1858 2327 2260 2402 beatissimum,
2278 2338 2341 2391 25

289 2407 438 2486 quod
469 2407 604 2467 nihil
637 2412 875 2485 cogitur.
946 2411 1006 2469 Si
1035 2421 1220 2471 tamen
1252 2411 1392 2471 haec
1420 2408 1541 2471 sola
1572 2420 1689 2470 erat
1719 2412 1858 2470 ratio
1890 2428 2033 2488 quae
2067 2418 2125 2469 te
2162 2426 2261 2486 pu-

286 2492 469 2552 blicae
501 2490 693 2552 salutis
727 2492 1122 2569 gubernaculis
1152 2495 1511 2571 admoveret,
1546 2511 1725 2572 prope
1756 2503 1843 2553 est
1863 2503 1924 2553 ut
1954 2492 2263 2553 exclamem

287 2578 421 2636 tanti
448 2576 644 2636 fuisse.
694 2575 966 2657 Corrupta
998 2587 1087 2638 est
1118 2577 1412 2657 disciplina
1433 2588 1773 2654 castrorum,
1806 2587 1865 2636 ut
1888 2586 1946 2635 tu
1971 2586 2262 2636 corrector

286 2661 720 2738 emendatorque
752 2663 1143 2738 contingeres;
1175 2660 1456 2721 inductum
1486 2664 1789 2739 pessimum
1818 2660 2167 2739 exemplum,
2200 2669 2261 2719 ut

286 2747 552 2822 optimum
579 2754 990 2823 opponeretur;
1041 2747 1330 2823 postremo
1366 2755 1597 2805 coactus
1630 2747 1895 2824 princeps
1926 2763 2070 2822 quos
2099 2743 2339 2804 nole-30
2450 2746 2451 2793 l

283 2828 378 2886 bat
408 2828 707 2904 occidere,
758 2837 819 2888 ut
850 2827 1007 2890 daret
1049 2829 1362 2906 principem
1393 2830 1486 2907 qui
1520 2832 1649 2906 cogi
1680 2847 1791 2889 non
1818 2836 2034 2908 posset.
2112 2826 2257 2886 Olim

284 2920 342 2969 tu
379 2911 602 2988 quidem
645 2911 896 2989 adoptari
936 2912 1257 2980 merebare;
1309 2912 1414 2973 sed
1451 2913 1832 2972 nescissemus
1866 2921 2125 2990 quantum
2153 2911 2257 2971 tibi

284 2992 518 3052 deberet
556 2995 879 3072 imperium,
935 2997 984 3055 si
1024 3004 1151 3055 ante
1179 2994 1473 3074 adoptatus
1509 3014 1692 3056 esses.
1763 2995 2138 3072 Expectatum
2167 3003 2257 3054 est

285 3084 504 3150 tempus
535 3094 645 3152 quo
673 3077 914 3157 liqueret
940 3096 1050 3138 non
1078 3089 1191 3139 tam
1212 3081 1508 3158 accepisse
1532 3089 1589 3140 te
1614 3080 1949 3139 beneficium
1970 3096 2130 3156 quarn
2159 3078 2256 3137 de-

285 3157 454 3215 disse.
502 3155 766 3238 Confugit
787 3164 841 3219 in
865 3163 1043 3221 sinum
1072 3171 1225 3221 tuum
1248 3180 1524 3225 concussa
1550 3181 1645 3223 res
1675 3162 1936 3241 publica,
1968 3179 2252 3240 ruensque
2269 3169 2333 3223 35

281 3241 584 3316 imperiunr
600 3262 775 3321 super
794 3246 1184 3321 imperatorem
1213 3248 1561 3325 imperatoris
1590 3246 1688 3307 tibi
1712 3264 1857 3305 voce
1882 3245 2120 3305 delatum
2144 3254 2251 3305 est.

281 3321 593 3398 lnploratus
623 3325 924 3401 adoptione
956 3337 1015 3387 et
1036 3331 1250 3389 accitus
1280 3349 1375 3406 es,
1421 3340 1480 3390 ut
1509 3329 1641 3389 olim
1673 3328 1846 3389 duces
1875 3331 2059 3406 magni
2087 3347 2118 3389 a
2147 3348 2250 3408 pe·

280 3406 520 3481 regrinis
549 3409 910 3493 externisque
939 3409 1106 3471 bellis
1135 3412 1202 3473 ad
1233 3430 1402 3491 opem
1430 3416 1645 3493 patriae
1683 3412 1968 3475 ferendam
1994 3417 2251 3475 revocari
