<?xml version="1.0" encoding="UTF-8"?>
<!DOCTYPE html PUBLIC "-//W3C//DTD XHTML 1.0 Transitional//EN"
    "http://www.w3.org/TR/xhtml1/DTD/xhtml1-transitional.dtd">
<html xmlns="http://www.w3.org/1999/xhtml" xml:lang="en" lang="en">
 <head>
  <title>
</title>
<meta http-equiv="Content-Type" content="text/html;charset=utf-8" />
  <meta name='ocr-system' content='tesseract 3.04.00' />
  <meta name='ocr-capabilities' content='ocr_page ocr_carea ocr_par ocr_line ocrx_word'/>
</head>
<body>
  <div class='ocr_page' id='page_1' title='image "./cplinicaecilise00unkngoog_0311.png"; bbox 0 0 2467 3850; ppageno 0'>
   <div class='ocr_carea' id='block_1_1' title="bbox 762 185 2173 252">
    <p class='ocr_par' dir='ltr' id='par_1_1' title="bbox 762 185 2173 252">
     <span class='ocr_line' id='line_1_1' title="bbox 762 185 2173 252; baseline -0.001 -1"><span class='ocrx_word' id='word_1_1' title='bbox 762 185 1284 251; x_wconf 82' lang='lat' dir='ltr'>PANEGYRICUS</span> <span class='ocrx_word' id='word_1_2' title='bbox 1322 195 1410 252; x_wconf 85' lang='lat'><strong>63.</strong></span> <span class='ocrx_word' id='word_1_3' title='bbox 1432 196 1520 252; x_wconf 82' lang='lat'><strong>64.</strong></span> <span class='ocrx_word' id='word_1_4' title='bbox 1539 195 1625 251; x_wconf 85' lang='lat'><strong>65.</strong></span> <span class='ocrx_word' id='word_1_5' title='bbox 2051 185 2173 249; x_wconf 79' lang='lat'><strong>279</strong></span> 
     </span>
    </p>
   </div>
   <div class='ocr_carea' id='block_1_2' title="bbox 76 341 2271 3525">
    <p class='ocr_par' dir='ltr' id='par_1_2' title="bbox 123 341 2245 921">
     <span class='ocr_line' id='line_1_2' title="bbox 186 341 2245 420; baseline -0.002 -16"><span class='ocrx_word' id='word_1_6' title='bbox 186 352 505 405; x_wconf 75' lang='lat' dir='ltr'><strong>senatores,</strong></span> <span class='ocrx_word' id='word_1_7' title='bbox 563 342 826 420; x_wconf 81' lang='lat' dir='ltr'>Plerique</span> <span class='ocrx_word' id='word_1_8' title='bbox 856 351 1042 402; x_wconf 86' lang='lat' dir='ltr'><strong>tamen</strong></span> <span class='ocrx_word' id='word_1_9' title='bbox 1070 358 1183 401; x_wconf 87' lang='lat' dir='ltr'><strong>non</strong></span> <span class='ocrx_word' id='word_1_10' title='bbox 1210 347 1320 401; x_wconf 83' lang='lat' dir='ltr'><strong>tam</strong></span> <span class='ocrx_word' id='word_1_11' title='bbox 1350 341 1613 419; x_wconf 89' lang='lat' dir='ltr'><strong>superbia</strong></span> <span class='ocrx_word' id='word_1_12' title='bbox 1644 358 1805 420; x_wconf 89' lang='lat' dir='ltr'><strong>quam</strong></span> <span class='ocrx_word' id='word_1_13' title='bbox 1839 349 1994 400; x_wconf 86' lang='lat' dir='ltr'><strong>metu</strong></span> <span class='ocrx_word' id='word_1_14' title='bbox 2034 349 2179 418; x_wconf 81' lang='lat' dir='ltr'><strong>quo-&#39;</strong></span> <span class='ocrx_word' id='word_1_15' title='bbox 2236 345 2245 362; x_wconf 71' lang='lat'><em>¹</em></span> 
     </span>
     <span class='ocr_line' id='line_1_3' title="bbox 186 425 2173 503; baseline -0.003 -15"><span class='ocrx_word' id='word_1_16' title='bbox 186 428 312 488; x_wconf 88' lang='lat' dir='ltr'><strong>dam</strong></span> <span class='ocrx_word' id='word_1_17' title='bbox 335 428 841 487; x_wconf 80' lang='lat' dir='ltr'><strong>summovebantur.</strong></span> <span class='ocrx_word' id='word_1_18' title='bbox 871 425 959 484; x_wconf 90' lang='lat' dir='ltr'><strong>An</strong></span> <span class='ocrx_word' id='word_1_19' title='bbox 980 434 1300 503; x_wconf 87' lang='lat' dir='ltr'><strong>stuprorum</strong></span> <span class='ocrx_word' id='word_1_20' title='bbox 1325 425 1431 484; x_wconf 89' lang='lat' dir='ltr'><strong>sibi</strong></span> <span class='ocrx_word' id='word_1_21' title='bbox 1453 428 1904 501; x_wconf 70' lang='lat' dir='ltr'><strong>funestarumque</strong></span> <span class='ocrx_word' id='word_1_22' title='bbox 1927 426 2173 484; x_wconf 85' lang='lat' dir='ltr'><strong>noctium</strong></span> 
     </span>
     <span class='ocr_line' id='line_1_4' title="bbox 187 506 2171 589; baseline -0.002 -18"><span class='ocrx_word' id='word_1_23' title='bbox 187 513 442 588; x_wconf 85' lang='lat' dir='ltr'><strong>conscii,</strong></span> <span class='ocrx_word' id='word_1_24' title='bbox 485 513 738 589; x_wconf 88' lang='lat' dir='ltr'><strong>auspicia</strong></span> <span class='ocrx_word' id='word_1_25' title='bbox 765 508 1025 588; x_wconf 85' lang='lat' dir='ltr'><strong>polluere</strong></span> <span class='ocrx_word' id='word_1_26' title='bbox 1053 518 1440 586; x_wconf 89' lang='lat' dir='ltr'><strong>sacratumque</strong></span> <span class='ocrx_word' id='word_1_27' title='bbox 1475 525 1726 585; x_wconf 89' lang='lat' dir='ltr'><strong>campum</strong></span> <span class='ocrx_word' id='word_1_28' title='bbox 1754 507 1973 566; x_wconf 88' lang='lat' dir='ltr'><strong>nefario</strong></span> <span class='ocrx_word' id='word_1_29' title='bbox 2003 506 2171 567; x_wconf 88' lang='lat' dir='ltr'><strong>aude·</strong></span> 
     </span>
     <span class='ocr_line' id='line_1_5' title="bbox 181 590 2170 670; baseline -0.002 -17"><span class='ocrx_word' id='word_1_30' title='bbox 181 602 312 654; x_wconf 90' lang='lat' dir='ltr'><strong>rent</strong></span> <span class='ocrx_word' id='word_1_31' title='bbox 354 598 726 654; x_wconf 88' lang='lat' dir='ltr'><strong>contaminare</strong></span> <span class='ocrx_word' id='word_1_32' title='bbox 765 590 1056 670; x_wconf 75' lang='lat' dir='ltr'><strong>vestigio?</strong></span> <span class='ocrx_word' id='word_1_33' title='bbox 1109 591 1234 652; x_wconf 90' lang='lat' dir='ltr'><strong>Non</strong></span> <span class='ocrx_word' id='word_1_34' title='bbox 1275 593 1419 652; x_wconf 90' lang='lat' dir='ltr'><strong>adeo</strong></span> <span class='ocrx_word' id='word_1_35' title='bbox 1461 593 1601 652; x_wconf 90' lang='lat' dir='ltr'><strong>deos</strong></span> <span class='ocrx_word' id='word_1_36' title='bbox 1633 590 2003 669; x_wconf 85' lang='lat' dir='ltr'><strong>hominesque</strong></span> <span class='ocrx_word' id='word_1_37' title='bbox 2038 609 2170 651; x_wconf 87' lang='lat' dir='ltr'><strong>con·</strong></span> 
     </span>
     <span class='ocr_line' id='line_1_6' title="bbox 123 675 2170 755; baseline -0.002 -16"><span class='ocrx_word' id='word_1_38' title='bbox 123 688 162 739; x_wconf 85' lang='lat'>5</span> <span class='ocrx_word' id='word_1_39' title='bbox 183 686 533 755; x_wconf 88' lang='lat' dir='ltr'><strong>tempserant</strong></span> <span class='ocrx_word' id='word_1_40' title='bbox 549 725 566 755; x_wconf 91' lang='lat'><strong>,</strong></span> <span class='ocrx_word' id='word_1_41' title='bbox 603 686 664 736; x_wconf 91' lang='lat' dir='ltr'><strong>ut</strong></span> <span class='ocrx_word' id='word_1_42' title='bbox 692 680 746 736; x_wconf 91' lang='lat' dir='ltr'><strong>in</strong></span> <span class='ocrx_word' id='word_1_43' title='bbox 775 676 869 736; x_wconf 89' lang='lat' dir='ltr'><strong>illa</strong></span> <span class='ocrx_word' id='word_1_44' title='bbox 896 679 1320 755; x_wconf 86' lang='lat' dir='ltr'><strong>speciosissima</strong></span> <span class='ocrx_word' id='word_1_45' title='bbox 1357 675 1496 735; x_wconf 88' lang='lat' dir='ltr'><strong>sede</strong></span> <span class='ocrx_word' id='word_1_46' title='bbox 1521 675 1802 736; x_wconf 90' lang='lat' dir='ltr'><strong>hominum</strong></span> <span class='ocrx_word' id='word_1_47' title='bbox 1826 675 2170 753; x_wconf 86' lang='lat' dir='ltr'><strong>deorumque</strong></span> 
     </span>
     <span class='ocr_line' id='line_1_7' title="bbox 183 758 2169 838; baseline -0.002 -17"><span class='ocrx_word' id='word_1_48' title='bbox 183 764 482 822; x_wconf 88' lang='lat' dir='ltr'><strong>coniectos</strong></span> <span class='ocrx_word' id='word_1_49' title='bbox 524 765 580 822; x_wconf 91' lang='lat' dir='ltr'><strong>in</strong></span> <span class='ocrx_word' id='word_1_50' title='bbox 621 781 684 821; x_wconf 89' lang='lat' dir='ltr'><strong>se</strong></span> <span class='ocrx_word' id='word_1_51' title='bbox 731 761 930 821; x_wconf 89' lang='lat' dir='ltr'><strong>oculos</strong></span> <span class='ocrx_word' id='word_1_52' title='bbox 961 759 1112 819; x_wconf 82' lang='lat' dir='ltr'><strong>ferre</strong></span> <span class='ocrx_word' id='word_1_53' title='bbox 1144 778 1209 819; x_wconf 86' lang='lat' dir='ltr'><strong>ac</strong></span> <span class='ocrx_word' id='word_1_54' title='bbox 1245 762 1469 838; x_wconf 84' lang='lat' dir='ltr'><strong>perpeti</strong></span> <span class='ocrx_word' id='word_1_55' title='bbox 1497 770 1751 837; x_wconf 87' lang='lat' dir='ltr'><strong>possent.</strong></span> <span class='ocrx_word' id='word_1_56' title='bbox 1823 758 1948 818; x_wconf 87' lang='lat' dir='ltr'><strong>Tibi</strong></span> <span class='ocrx_word' id='word_1_57' title='bbox 1980 769 2169 819; x_wconf 85' lang='lat' dir='ltr'><strong>contra</strong></span> 
     </span>
     <span class='ocr_line' id='line_1_8' title="bbox 180 843 2170 921; baseline -0.001 -17"><span class='ocrx_word' id='word_1_58' title='bbox 180 852 242 905; x_wconf 87' lang='lat' dir='ltr'><strong>et</strong></span> <span class='ocrx_word' id='word_1_59' title='bbox 265 845 573 905; x_wconf 83' lang='lat' dir='ltr'><strong>moderatio</strong></span> <span class='ocrx_word' id='word_1_60' title='bbox 603 855 694 904; x_wconf 90' lang='lat' dir='ltr'><strong>tua</strong></span> <span class='ocrx_word' id='word_1_61' title='bbox 724 845 899 905; x_wconf 80' lang='lat' dir='ltr'><strong>suasit</strong></span> <span class='ocrx_word' id='word_1_62' title='bbox 927 854 983 904; x_wconf 90' lang='lat' dir='ltr'><strong>et</strong></span> <span class='ocrx_word' id='word_1_63' title='bbox 1011 846 1276 904; x_wconf 85' lang='lat' dir='ltr'><strong>sanctitas</strong></span> <span class='ocrx_word' id='word_1_64' title='bbox 1304 852 1364 902; x_wconf 91' lang='lat' dir='ltr'><strong>ut</strong></span> <span class='ocrx_word' id='word_1_65' title='bbox 1385 852 1442 903; x_wconf 90' lang='lat' dir='ltr'><strong>te</strong></span> <span class='ocrx_word' id='word_1_66' title='bbox 1476 852 1535 902; x_wconf 92' lang='lat' dir='ltr'><strong>et</strong></span> <span class='ocrx_word' id='word_1_67' title='bbox 1561 843 1823 921; x_wconf 86' lang='lat' dir='ltr'><strong>religioni</strong></span> <span class='ocrx_word' id='word_1_68' title='bbox 1854 844 2084 902; x_wconf 89' lang='lat' dir='ltr'><strong>deorum</strong></span> <span class='ocrx_word' id='word_1_69' title='bbox 2112 852 2170 902; x_wconf 89' lang='lat' dir='ltr'><strong>et</strong></span> 
     </span>
    </p>

    <p class='ocr_par' dir='ltr' id='par_1_3' title="bbox 76 923 2271 2597">
     <span class='ocr_line' id='line_1_9' title="bbox 179 923 2271 1006; baseline 0 -19"><span class='ocrx_word' id='word_1_70' title='bbox 179 927 404 989; x_wconf 87' lang='lat' dir='ltr'><strong>iudiciis</strong></span> <span class='ocrx_word' id='word_1_71' title='bbox 436 930 714 988; x_wconf 86' lang='lat' dir='ltr'><strong>hominum</strong></span> <span class='ocrx_word' id='word_1_72' title='bbox 741 928 1063 989; x_wconf 79' lang='lat' dir='ltr'><strong>exhiberes,</strong></span> <span class='ocrx_word' id='word_1_73' title='bbox 1129 928 1241 987; x_wconf 90' lang='lat' dir='ltr'><strong>Alii</strong></span> <span class='ocrx_word' id='word_1_74' title='bbox 1284 927 1630 987; x_wconf 86' lang='lat' dir='ltr'><strong>consulatum</strong></span> <span class='ocrx_word' id='word_1_75' title='bbox 1661 937 1787 987; x_wconf 86' lang='lat' dir='ltr'><strong>ante</strong></span> <span class='ocrx_word' id='word_1_76' title='bbox 1823 945 1986 1006; x_wconf 90' lang='lat' dir='ltr'><strong>quam</strong></span> <span class='ocrx_word' id='word_1_77' title='bbox 2019 929 2164 986; x_wconf 91' lang='lat' dir='ltr'><strong>acci·</strong></span> <span class='ocrx_word' id='word_1_78' title='bbox 2189 923 2271 987; x_wconf 86' lang='lat'><strong>64</strong></span> 
     </span>
     <span class='ocr_line' id='line_1_10' title="bbox 179 1009 2169 1091; baseline 0 -21"><span class='ocrx_word' id='word_1_79' title='bbox 179 1021 419 1091; x_wconf 89' lang='lat' dir='ltr'><strong>perent,</strong></span> <span class='ocrx_word' id='word_1_80' title='bbox 474 1023 535 1072; x_wconf 91' lang='lat' dir='ltr'><strong>tu</strong></span> <span class='ocrx_word' id='word_1_81' title='bbox 576 1019 634 1073; x_wconf 78' lang='lat' dir='ltr'><strong>et</strong></span> <span class='ocrx_word' id='word_1_82' title='bbox 677 1013 805 1072; x_wconf 90' lang='lat' dir='ltr'><strong>dum</strong></span> <span class='ocrx_word' id='word_1_83' title='bbox 847 1014 1062 1090; x_wconf 85' lang='lat' dir='ltr'><strong>accipis</strong></span> <span class='ocrx_word' id='word_1_84' title='bbox 1091 1013 1362 1071; x_wconf 88' lang='lat' dir='ltr'><strong>meruisti.</strong></span> <span class='ocrx_word' id='word_1_85' title='bbox 1427 1009 1657 1071; x_wconf 88' lang='lat' dir='ltr'><strong>Peracta</strong></span> <span class='ocrx_word' id='word_1_86' title='bbox 1688 1021 1845 1071; x_wconf 86' lang='lat' dir='ltr'><strong>erant</strong></span> <span class='ocrx_word' id='word_1_87' title='bbox 1877 1011 2169 1071; x_wconf 89' lang='lat' dir='ltr'><strong>sollemnia</strong></span> 
     </span>
     <span class='ocr_line' id='line_1_11' title="bbox 83 1094 2170 1174; baseline -0.003 -15"><span class='ocrx_word' id='word_1_88' title='bbox 83 1106 163 1159; x_wconf 90' lang='lat'><strong>10</strong></span> <span class='ocrx_word' id='word_1_89' title='bbox 185 1097 566 1173; x_wconf 89' lang='lat' dir='ltr'><strong>comitiorum,</strong></span> <span class='ocrx_word' id='word_1_90' title='bbox 620 1098 667 1157; x_wconf 90' lang='lat' dir='ltr'><strong>si</strong></span> <span class='ocrx_word' id='word_1_91' title='bbox 708 1098 1020 1174; x_wconf 88' lang='lat' dir='ltr'><strong>principem</strong></span> <span class='ocrx_word' id='word_1_92' title='bbox 1064 1097 1380 1172; x_wconf 77' lang='lat' dir='ltr'><strong>cogitareS,</strong></span> <span class='ocrx_word' id='word_1_93' title='bbox 1434 1097 1654 1173; x_wconf 87' lang='lat' dir='ltr'><strong>iamque</strong></span> <span class='ocrx_word' id='word_1_94' title='bbox 1688 1114 1752 1155; x_wconf 87' lang='lat' dir='ltr'><strong>se</strong></span> <span class='ocrx_word' id='word_1_95' title='bbox 1793 1097 1970 1154; x_wconf 89' lang='lat' dir='ltr'><strong>omnis</strong></span> <span class='ocrx_word' id='word_1_96' title='bbox 2005 1094 2170 1154; x_wconf 89' lang='lat' dir='ltr'><strong>turba</strong></span> 
     </span>
     <span class='ocr_line' id='line_1_12' title="bbox 184 1178 2169 1257; baseline -0.001 -18"><span class='ocrx_word' id='word_1_97' title='bbox 184 1190 596 1257; x_wconf 81' lang='lat' dir='ltr'><strong>commoverat,</strong></span> <span class='ocrx_word' id='word_1_98' title='bbox 654 1198 778 1239; x_wconf 92' lang='lat' dir='ltr'><strong>cum</strong></span> <span class='ocrx_word' id='word_1_99' title='bbox 816 1189 872 1239; x_wconf 90' lang='lat' dir='ltr'><strong>tu</strong></span> <span class='ocrx_word' id='word_1_100' title='bbox 915 1180 1240 1239; x_wconf 86' lang='lat' dir='ltr'><strong>mirantibus</strong></span> <span class='ocrx_word' id='word_1_101' title='bbox 1286 1181 1504 1240; x_wconf 88' lang='lat' dir='ltr'><strong>cunctis</strong></span> <span class='ocrx_word' id='word_1_102' title='bbox 1547 1179 1775 1238; x_wconf 91' lang='lat' dir='ltr'><strong>accedis</strong></span> <span class='ocrx_word' id='word_1_103' title='bbox 1818 1178 1886 1238; x_wconf 89' lang='lat' dir='ltr'><strong>ad</strong></span> <span class='ocrx_word' id='word_1_104' title='bbox 1919 1178 2169 1238; x_wconf 88' lang='lat' dir='ltr'><strong>consulis</strong></span> 
     </span>
     <span class='ocr_line' id='line_1_13' title="bbox 181 1262 2171 1342; baseline -0.002 -19"><span class='ocrx_word' id='word_1_105' title='bbox 181 1262 415 1341; x_wconf 86' lang='lat' dir='ltr'><strong>sellam,</strong></span> <span class='ocrx_word' id='word_1_106' title='bbox 446 1263 779 1341; x_wconf 86' lang='lat' dir='ltr'><strong>adigendum</strong></span> <span class='ocrx_word' id='word_1_107' title='bbox 810 1272 865 1324; x_wconf 89' lang='lat' dir='ltr'><strong>te</strong></span> <span class='ocrx_word' id='word_1_108' title='bbox 896 1264 1137 1341; x_wconf 88' lang='lat' dir='ltr'><strong>praebes</strong></span> <span class='ocrx_word' id='word_1_109' title='bbox 1165 1266 1220 1322; x_wconf 95' lang='lat' dir='ltr'><strong>in</strong></span> <span class='ocrx_word' id='word_1_110' title='bbox 1241 1263 1416 1323; x_wconf 87' lang='lat' dir='ltr'><strong>verba</strong></span> <span class='ocrx_word' id='word_1_111' title='bbox 1438 1264 1789 1342; x_wconf 86' lang='lat' dir='ltr'><strong>principibus</strong></span> <span class='ocrx_word' id='word_1_112' title='bbox 1805 1264 2031 1340; x_wconf 84' lang='lat' dir='ltr'><strong>ignota,</strong></span> <span class='ocrx_word' id='word_1_113' title='bbox 2061 1263 2171 1321; x_wconf 90' lang='lat' dir='ltr'><strong>nisi</strong></span> 
     </span>
     <span class='ocr_line' id='line_1_14' title="bbox 182 1346 2167 1426; baseline -0.001 -21"><span class='ocrx_word' id='word_1_114' title='bbox 182 1365 311 1406; x_wconf 91' lang='lat' dir='ltr'><strong>cum</strong></span> <span class='ocrx_word' id='word_1_115' title='bbox 339 1348 521 1406; x_wconf 88' lang='lat' dir='ltr'><strong>iurare</strong></span> <span class='ocrx_word' id='word_1_116' title='bbox 552 1356 828 1425; x_wconf 84' lang='lat' dir='ltr'><strong>cogerent</strong></span> <span class='ocrx_word' id='word_1_117' title='bbox 849 1347 1012 1407; x_wconf 77' lang='lat' dir='ltr'><strong>alios,</strong></span> <span class='ocrx_word' id='word_1_118' title='bbox 1055 1347 1230 1407; x_wconf 91' lang='lat' dir='ltr'><strong>Vides</strong></span> <span class='ocrx_word' id='word_1_119' title='bbox 1256 1366 1418 1426; x_wconf 90' lang='lat' dir='ltr'><strong>quam</strong></span> <span class='ocrx_word' id='word_1_120' title='bbox 1439 1350 1821 1407; x_wconf 90' lang='lat' dir='ltr'><strong>necessarium</strong></span> <span class='ocrx_word' id='word_1_121' title='bbox 1843 1346 2012 1407; x_wconf 85' lang='lat' dir='ltr'><strong>fuerit</strong></span> <span class='ocrx_word' id='word_1_122' title='bbox 2037 1362 2167 1405; x_wconf 85' lang='lat' dir='ltr'><strong>con-</strong></span> 
     </span>
     <span class='ocr_line' id='line_1_15' title="bbox 180 1429 2165 1508; baseline 0.001 -20"><span class='ocrx_word' id='word_1_123' title='bbox 180 1430 419 1489; x_wconf 87' lang='lat' dir='ltr'><strong>sulatum</strong></span> <span class='ocrx_word' id='word_1_124' title='bbox 437 1449 550 1490; x_wconf 89' lang='lat' dir='ltr'><strong>non</strong></span> <span class='ocrx_word' id='word_1_125' title='bbox 573 1450 857 1491; x_wconf 90' lang='lat' dir='ltr'><strong>recusare.</strong></span> <span class='ocrx_word' id='word_1_126' title='bbox 902 1429 1027 1490; x_wconf 89' lang='lat' dir='ltr'><strong>Non</strong></span> <span class='ocrx_word' id='word_1_127' title='bbox 1051 1441 1406 1508; x_wconf 89' lang='lat' dir='ltr'><strong>putassemus</strong></span> <span class='ocrx_word' id='word_1_128' title='bbox 1430 1430 1578 1490; x_wconf 87' lang='lat' dir='ltr'><strong>istud</strong></span> <span class='ocrx_word' id='word_1_129' title='bbox 1600 1440 1658 1490; x_wconf 91' lang='lat' dir='ltr'><strong>te</strong></span> <span class='ocrx_word' id='word_1_130' title='bbox 1675 1430 1946 1491; x_wconf 87' lang='lat' dir='ltr'><strong>facturum</strong></span> <span class='ocrx_word' id='word_1_131' title='bbox 1967 1429 2165 1503; x_wconf 86' lang='lat' dir='ltr'><strong>fuisse,</strong></span> 
     </span>
     <span class='ocr_line' id='line_1_16' title="bbox 79 1515 2169 1592; baseline -0.003 -15"><span class='ocrx_word' id='word_1_132' title='bbox 79 1523 159 1577; x_wconf 85' lang='lat'><strong>15</strong></span> <span class='ocrx_word' id='word_1_133' title='bbox 182 1515 230 1574; x_wconf 91' lang='lat' dir='ltr'><strong>si</strong></span> <span class='ocrx_word' id='word_1_134' title='bbox 270 1532 621 1575; x_wconf 90' lang='lat' dir='ltr'><strong>recusasses.</strong></span> <span class='ocrx_word' id='word_1_135' title='bbox 695 1515 945 1592; x_wconf 87' lang='lat' dir='ltr'><strong>Stupeo,</strong></span> <span class='ocrx_word' id='word_1_136' title='bbox 1005 1521 1194 1591; x_wconf 89' lang='lat' dir='ltr'><strong>patres</strong></span> <span class='ocrx_word' id='word_1_137' title='bbox 1239 1517 1577 1592; x_wconf 81' lang='lat' dir='ltr'><strong>conscripti,</strong></span> <span class='ocrx_word' id='word_1_138' title='bbox 1627 1515 1868 1574; x_wconf 84' lang='lat' dir='ltr'><strong>necdum</strong></span> <span class='ocrx_word' id='word_1_139' title='bbox 1907 1518 2043 1574; x_wconf 89' lang='lat' dir='ltr'><strong>satis</strong></span> <span class='ocrx_word' id='word_1_140' title='bbox 2077 1524 2169 1574; x_wconf 89' lang='lat' dir='ltr'><strong>aut</strong></span> 
     </span>
     <span class='ocr_line' id='line_1_17' title="bbox 180 1596 2167 1675; baseline 0 -18"><span class='ocrx_word' id='word_1_141' title='bbox 180 1598 367 1657; x_wconf 89' lang='lat' dir='ltr'><strong>oculis</strong></span> <span class='ocrx_word' id='word_1_142' title='bbox 401 1602 541 1658; x_wconf 91' lang='lat' dir='ltr'><strong>meis</strong></span> <span class='ocrx_word' id='word_1_143' title='bbox 584 1607 677 1658; x_wconf 89' lang='lat' dir='ltr'><strong>aut</strong></span> <span class='ocrx_word' id='word_1_144' title='bbox 718 1599 943 1657; x_wconf 87' lang='lat' dir='ltr'><strong>auribus</strong></span> <span class='ocrx_word' id='word_1_145' title='bbox 987 1596 1187 1673; x_wconf 90' lang='lat' dir='ltr'><strong>credo,</strong></span> <span class='ocrx_word' id='word_1_146' title='bbox 1231 1607 1401 1675; x_wconf 88' lang='lat' dir='ltr'><strong>atque</strong></span> <span class='ocrx_word' id='word_1_147' title='bbox 1432 1597 1737 1657; x_wconf 84' lang='lat' dir='ltr'><strong>identidem</strong></span> <span class='ocrx_word' id='word_1_148' title='bbox 1766 1617 1857 1657; x_wconf 90' lang='lat' dir='ltr'><strong>me</strong></span> <span class='ocrx_word' id='word_1_149' title='bbox 1885 1616 1953 1657; x_wconf 89' lang='lat' dir='ltr'><strong>an</strong></span> <span class='ocrx_word' id='word_1_150' title='bbox 1980 1597 2167 1657; x_wconf 88' lang='lat' dir='ltr'><strong>audie-</strong></span> 
     </span>
     <span class='ocr_line' id='line_1_18' title="bbox 177 1679 2167 1759; baseline -0.001 -19"><span class='ocrx_word' id='word_1_151' title='bbox 177 1683 319 1757; x_wconf 87' lang='lat' dir='ltr'><strong>rim,</strong></span> <span class='ocrx_word' id='word_1_152' title='bbox 367 1701 435 1742; x_wconf 89' lang='lat' dir='ltr'><strong>an</strong></span> <span class='ocrx_word' id='word_1_153' title='bbox 473 1682 708 1742; x_wconf 86' lang='lat' dir='ltr'><strong>viderim</strong></span> <span class='ocrx_word' id='word_1_154' title='bbox 746 1684 1058 1758; x_wconf 85' lang='lat' dir='ltr'><strong>interrogo.</strong></span> <span class='ocrx_word' id='word_1_155' title='bbox 1126 1679 1437 1759; x_wconf 89' lang='lat' dir='ltr'><strong>Imperator</strong></span> <span class='ocrx_word' id='word_1_156' title='bbox 1468 1698 1609 1757; x_wconf 84' lang='lat' dir='ltr'><strong>ergo</strong></span> <span class='ocrx_word' id='word_1_157' title='bbox 1642 1690 1699 1739; x_wconf 92' lang='lat' dir='ltr'><strong>et</strong></span> <span class='ocrx_word' id='word_1_158' title='bbox 1729 1679 1938 1740; x_wconf 85' lang='lat' dir='ltr'><strong>Caesar</strong></span> <span class='ocrx_word' id='word_1_159' title='bbox 1968 1691 2026 1741; x_wconf 89' lang='lat' dir='ltr'><strong>et</strong></span> <span class='ocrx_word' id='word_1_160' title='bbox 2056 1681 2167 1740; x_wconf 87' lang='lat' dir='ltr'><strong>Au-</strong></span> 
     </span>
     <span class='ocr_line' id='line_1_19' title="bbox 180 1764 2167 1845; baseline 0 -21"><span class='ocrx_word' id='word_1_161' title='bbox 180 1776 381 1841; x_wconf 84' lang='lat' dir='ltr'><strong>gustus</strong></span> <span class='ocrx_word' id='word_1_162' title='bbox 409 1775 466 1826; x_wconf 90' lang='lat' dir='ltr'><strong>et</strong></span> <span class='ocrx_word' id='word_1_163' title='bbox 495 1766 754 1845; x_wconf 86' lang='lat' dir='ltr'><strong>pontifex</strong></span> <span class='ocrx_word' id='word_1_164' title='bbox 792 1768 1062 1825; x_wconf 88' lang='lat' dir='ltr'><strong>maximus</strong></span> <span class='ocrx_word' id='word_1_165' title='bbox 1092 1767 1248 1824; x_wconf 89' lang='lat' dir='ltr'><strong>stetit</strong></span> <span class='ocrx_word' id='word_1_166' title='bbox 1278 1775 1405 1824; x_wconf 87' lang='lat' dir='ltr'><strong>ante</strong></span> <span class='ocrx_word' id='word_1_167' title='bbox 1437 1767 1710 1841; x_wconf 86' lang='lat' dir='ltr'><strong>gremium</strong></span> <span class='ocrx_word' id='word_1_168' title='bbox 1745 1764 1994 1823; x_wconf 86' lang='lat' dir='ltr'><strong>consulis</strong></span> <span class='ocrx_word' id='word_1_169' title='bbox 2013 1810 2029 1841; x_wconf 90' lang='lat'><strong>,</strong></span> <span class='ocrx_word' id='word_1_170' title='bbox 2077 1784 2167 1824; x_wconf 90' lang='lat' dir='ltr'><strong>se-</strong></span> 
     </span>
     <span class='ocr_line' id='line_1_20' title="bbox 181 1847 2166 1928; baseline -0.002 -20"><span class='ocrx_word' id='word_1_171' title='bbox 181 1849 373 1928; x_wconf 87' lang='lat' dir='ltr'><strong>ditque</strong></span> <span class='ocrx_word' id='word_1_172' title='bbox 405 1849 603 1909; x_wconf 84' lang='lat' dir='ltr'><strong>consul</strong></span> <span class='ocrx_word' id='word_1_173' title='bbox 630 1851 888 1928; x_wconf 86' lang='lat' dir='ltr'><strong>principe</strong></span> <span class='ocrx_word' id='word_1_174' title='bbox 921 1858 1049 1908; x_wconf 89' lang='lat' dir='ltr'><strong>ante</strong></span> <span class='ocrx_word' id='word_1_175' title='bbox 1080 1867 1143 1907; x_wconf 87' lang='lat' dir='ltr'><strong>se</strong></span> <span class='ocrx_word' id='word_1_176' title='bbox 1175 1857 1393 1927; x_wconf 84' lang='lat' dir='ltr'><strong>stante,</strong></span> <span class='ocrx_word' id='word_1_177' title='bbox 1432 1857 1490 1907; x_wconf 88' lang='lat' dir='ltr'><strong>et</strong></span> <span class='ocrx_word' id='word_1_178' title='bbox 1532 1847 1676 1906; x_wconf 86' lang='lat' dir='ltr'><strong>sedit</strong></span> <span class='ocrx_word' id='word_1_179' title='bbox 1705 1847 2044 1924; x_wconf 89' lang='lat' dir='ltr'><strong>inturbatus,</strong></span> <span class='ocrx_word' id='word_1_180' title='bbox 2086 1849 2166 1905; x_wconf 90' lang='lat' dir='ltr'><strong>in-</strong></span> 
     </span>
     <span class='ocr_line' id='line_1_21' title="bbox 76 1931 2167 2011; baseline -0.001 -19"><span class='ocrx_word' id='word_1_181' title='bbox 76 1948 160 2000; x_wconf 86' lang='lat'><strong>20</strong></span> <span class='ocrx_word' id='word_1_182' title='bbox 180 1936 408 1995; x_wconf 88' lang='lat' dir='ltr'><strong>territus</strong></span> <span class='ocrx_word' id='word_1_183' title='bbox 428 1979 444 2010; x_wconf 96' lang='lat'><strong>,</strong></span> <span class='ocrx_word' id='word_1_184' title='bbox 474 1943 530 1992; x_wconf 86' lang='lat' dir='ltr'><strong>et</strong></span> <span class='ocrx_word' id='word_1_185' title='bbox 558 1943 834 2011; x_wconf 85' lang='lat' dir='ltr'><strong>tamquam</strong></span> <span class='ocrx_word' id='word_1_186' title='bbox 861 1937 935 1992; x_wconf 91' lang='lat' dir='ltr'><strong>ita</strong></span> <span class='ocrx_word' id='word_1_187' title='bbox 967 1935 1088 1992; x_wconf 86' lang='lat' dir='ltr'><strong>fieri</strong></span> <span class='ocrx_word' id='word_1_188' title='bbox 1119 1932 1352 1993; x_wconf 88' lang='lat' dir='ltr'><strong>soleret.</strong></span> <span class='ocrx_word' id='word_1_189' title='bbox 1401 1931 1548 2005; x_wconf 83' lang='lat' dir='ltr'><strong>Quin</strong></span> <span class='ocrx_word' id='word_1_190' title='bbox 1572 1935 1738 1991; x_wconf 87' lang='lat' dir='ltr'><strong>etiam</strong></span> <span class='ocrx_word' id='word_1_191' title='bbox 1767 1931 1974 1990; x_wconf 88' lang='lat' dir='ltr'><strong>sedens</strong></span> <span class='ocrx_word' id='word_1_192' title='bbox 2004 1947 2167 2008; x_wconf 90' lang='lat' dir='ltr'><strong>prae-</strong></span> 
     </span>
     <span class='ocr_line' id='line_1_22' title="bbox 174 2014 2169 2094; baseline -0.002 -19"><span class='ocrx_word' id='word_1_193' title='bbox 174 2018 276 2075; x_wconf 87' lang='lat' dir='ltr'><strong>ivit</strong></span> <span class='ocrx_word' id='word_1_194' title='bbox 307 2016 720 2092; x_wconf 89' lang='lat' dir='ltr'><strong>iusiurandum,</strong></span> <span class='ocrx_word' id='word_1_195' title='bbox 756 2026 812 2075; x_wconf 89' lang='lat' dir='ltr'><strong>et</strong></span> <span class='ocrx_word' id='word_1_196' title='bbox 833 2017 931 2076; x_wconf 92' lang='lat' dir='ltr'><strong>ille</strong></span> <span class='ocrx_word' id='word_1_197' title='bbox 954 2018 1172 2093; x_wconf 82' lang='lat' dir='ltr'><strong>iuravit,</strong></span> <span class='ocrx_word' id='word_1_198' title='bbox 1206 2018 1510 2094; x_wconf 75' lang='lat' dir='ltr'><strong>expressit,</strong></span> <span class='ocrx_word' id='word_1_199' title='bbox 1545 2014 1974 2093; x_wconf 88' lang='lat' dir='ltr'><strong>explanavitque</strong></span> <span class='ocrx_word' id='word_1_200' title='bbox 1995 2014 2169 2073; x_wconf 85' lang='lat' dir='ltr'><strong>verba</strong></span> 
     </span>
     <span class='ocr_line' id='line_1_23' title="bbox 177 2097 2168 2177; baseline 0 -21"><span class='ocrx_word' id='word_1_201' title='bbox 177 2100 383 2177; x_wconf 89' lang='lat' dir='ltr'><strong>quibus</strong></span> <span class='ocrx_word' id='word_1_202' title='bbox 432 2109 599 2176; x_wconf 88' lang='lat' dir='ltr'><strong>caput</strong></span> <span class='ocrx_word' id='word_1_203' title='bbox 630 2117 819 2176; x_wconf 89' lang='lat' dir='ltr'><strong>suum,</strong></span> <span class='ocrx_word' id='word_1_204' title='bbox 866 2100 1085 2159; x_wconf 88' lang='lat' dir='ltr'><strong>domum</strong></span> <span class='ocrx_word' id='word_1_205' title='bbox 1113 2118 1301 2176; x_wconf 90' lang='lat' dir='ltr'><strong>suam,</strong></span> <span class='ocrx_word' id='word_1_206' title='bbox 1351 2101 1399 2159; x_wconf 89' lang='lat' dir='ltr'><strong>si</strong></span> <span class='ocrx_word' id='word_1_207' title='bbox 1429 2103 1617 2160; x_wconf 86' lang='lat' dir='ltr'><strong>sciens</strong></span> <span class='ocrx_word' id='word_1_208' title='bbox 1648 2097 1988 2174; x_wconf 79' lang='lat' dir='ltr'><strong>fefellisset,</strong></span> <span class='ocrx_word' id='word_1_209' title='bbox 2034 2097 2168 2156; x_wconf 92' lang='lat' dir='ltr'><strong>deo-</strong></span> 
     </span>
     <span class='ocr_line' id='line_1_24' title="bbox 174 2181 2166 2262; baseline 0 -20"><span class='ocrx_word' id='word_1_210' title='bbox 174 2201 298 2242; x_wconf 88' lang='lat' dir='ltr'><strong>rum</strong></span> <span class='ocrx_word' id='word_1_211' title='bbox 333 2183 449 2242; x_wconf 87' lang='lat' dir='ltr'><strong>irae</strong></span> <span class='ocrx_word' id='word_1_212' title='bbox 485 2191 865 2242; x_wconf 86' lang='lat' dir='ltr'><strong>consecraret.</strong></span> <span class='ocrx_word' id='word_1_213' title='bbox 913 2181 1155 2261; x_wconf 85' lang='lat' dir='ltr'><strong>Ingens,</strong></span> <span class='ocrx_word' id='word_1_214' title='bbox 1184 2181 1427 2260; x_wconf 85' lang='lat' dir='ltr'><strong>Caesar,</strong></span> <span class='ocrx_word' id='word_1_215' title='bbox 1462 2192 1519 2243; x_wconf 90' lang='lat' dir='ltr'><strong>et</strong></span> <span class='ocrx_word' id='word_1_216' title='bbox 1547 2202 1648 2262; x_wconf 91' lang='lat' dir='ltr'><strong>par</strong></span> <span class='ocrx_word' id='word_1_217' title='bbox 1677 2182 1858 2260; x_wconf 87' lang='lat' dir='ltr'><strong>gloria</strong></span> <span class='ocrx_word' id='word_1_218' title='bbox 1886 2191 2011 2259; x_wconf 89' lang='lat' dir='ltr'><strong>tua,</strong></span> <span class='ocrx_word' id='word_1_219' title='bbox 2045 2183 2166 2242; x_wconf 90' lang='lat' dir='ltr'><strong>sive</strong></span> 
     </span>
     <span class='ocr_line' id='line_1_25' title="bbox 178 2265 2166 2345; baseline -0.001 -19"><span class='ocrx_word' id='word_1_220' title='bbox 178 2266 423 2339; x_wconf 85' lang='lat' dir='ltr'><strong>fecerint</strong></span> <span class='ocrx_word' id='word_1_221' title='bbox 456 2266 604 2325; x_wconf 89' lang='lat' dir='ltr'><strong>istud</strong></span> <span class='ocrx_word' id='word_1_222' title='bbox 634 2275 834 2345; x_wconf 91' lang='lat' dir='ltr'><strong>postea</strong></span> <span class='ocrx_word' id='word_1_223' title='bbox 865 2269 1153 2345; x_wconf 87' lang='lat' dir='ltr'><strong>principes</strong></span> <span class='ocrx_word' id='word_1_224' title='bbox 1183 2270 1306 2327; x_wconf 88' lang='lat' dir='ltr'><strong>sive</strong></span> <span class='ocrx_word' id='word_1_225' title='bbox 1335 2286 1445 2327; x_wconf 91' lang='lat' dir='ltr'><strong>non</strong></span> <span class='ocrx_word' id='word_1_226' title='bbox 1477 2267 1734 2327; x_wconf 87' lang='lat' dir='ltr'><strong>fecerint.</strong></span> <span class='ocrx_word' id='word_1_227' title='bbox 1803 2265 1999 2326; x_wconf 89' lang='lat' dir='ltr'><strong>Ullane</strong></span> <span class='ocrx_word' id='word_1_228' title='bbox 2032 2267 2166 2326; x_wconf 88' lang='lat' dir='ltr'><strong>satis</strong></span> 
     </span>
     <span class='ocr_line' id='line_1_26' title="bbox 79 2349 2164 2429; baseline -0.003 -15"><span class='ocrx_word' id='word_1_229' title='bbox 79 2361 160 2414; x_wconf 81' lang='lat'><strong>25</strong></span> <span class='ocrx_word' id='word_1_230' title='bbox 182 2350 347 2427; x_wconf 85' lang='lat' dir='ltr'><strong>digna</strong></span> <span class='ocrx_word' id='word_1_231' title='bbox 376 2351 721 2429; x_wconf 89' lang='lat' dir='ltr'><strong>praedicatio</strong></span> <span class='ocrx_word' id='word_1_232' title='bbox 753 2360 842 2410; x_wconf 89' lang='lat' dir='ltr'><strong>est</strong></span> <span class='ocrx_word' id='word_1_233' title='bbox 864 2351 1010 2410; x_wconf 91' lang='lat' dir='ltr'><strong>idem</strong></span> <span class='ocrx_word' id='word_1_234' title='bbox 1040 2354 1209 2411; x_wconf 88' lang='lat' dir='ltr'><strong>tertio</strong></span> <span class='ocrx_word' id='word_1_235' title='bbox 1237 2351 1528 2412; x_wconf 90' lang='lat' dir='ltr'><strong>consulem</strong></span> <span class='ocrx_word' id='word_1_236' title='bbox 1549 2351 1762 2411; x_wconf 82' lang='lat' dir='ltr'><strong>fecisse</strong></span> <span class='ocrx_word' id='word_1_237' title='bbox 1787 2349 1938 2428; x_wconf 90' lang='lat' dir='ltr'><strong>quod</strong></span> <span class='ocrx_word' id='word_1_238' title='bbox 1964 2352 2164 2429; x_wconf 87' lang='lat' dir='ltr'><strong>primo,</strong></span> 
     </span>
     <span class='ocr_line' id='line_1_27' title="bbox 180 2434 2164 2514; baseline -0.001 -20"><span class='ocrx_word' id='word_1_239' title='bbox 180 2434 328 2494; x_wconf 91' lang='lat' dir='ltr'><strong>idem</strong></span> <span class='ocrx_word' id='word_1_240' title='bbox 371 2436 686 2514; x_wconf 89' lang='lat' dir='ltr'><strong>principem</strong></span> <span class='ocrx_word' id='word_1_241' title='bbox 726 2435 877 2513; x_wconf 91' lang='lat' dir='ltr'><strong>quod</strong></span> <span class='ocrx_word' id='word_1_242' title='bbox 916 2436 1221 2513; x_wconf 88' lang='lat' dir='ltr'><strong>privatum,</strong></span> <span class='ocrx_word' id='word_1_243' title='bbox 1276 2435 1425 2495; x_wconf 88' lang='lat' dir='ltr'><strong>idem</strong></span> <span class='ocrx_word' id='word_1_244' title='bbox 1453 2438 1849 2514; x_wconf 87' lang='lat' dir='ltr'><strong>imperatorem</strong></span> <span class='ocrx_word' id='word_1_245' title='bbox 1879 2434 2030 2512; x_wconf 88' lang='lat' dir='ltr'><strong>quod</strong></span> <span class='ocrx_word' id='word_1_246' title='bbox 2059 2435 2164 2493; x_wconf 87' lang='lat' dir='ltr'><strong>sub</strong></span> 
     </span>
     <span class='ocr_line' id='line_1_28' title="bbox 180 2515 2167 2597; baseline 0.001 -22"><span class='ocrx_word' id='word_1_247' title='bbox 180 2515 563 2595; x_wconf 84' lang='lat' dir='ltr'><strong>imperatore?</strong></span> <span class='ocrx_word' id='word_1_248' title='bbox 615 2516 830 2578; x_wconf 87' lang='lat' dir='ltr'><strong>Nescio</strong></span> <span class='ocrx_word' id='word_1_249' title='bbox 868 2520 1007 2595; x_wconf 90' lang='lat' dir='ltr'><strong>iam,</strong></span> <span class='ocrx_word' id='word_1_250' title='bbox 1058 2522 1258 2579; x_wconf 90' lang='lat' dir='ltr'><strong>nescio</strong></span> <span class='ocrx_word' id='word_1_251' title='bbox 1299 2520 1663 2597; x_wconf 86' lang='lat' dir='ltr'><strong>pulchriusne</strong></span> <span class='ocrx_word' id='word_1_252' title='bbox 1712 2522 1785 2580; x_wconf 89' lang='lat' dir='ltr'><strong>sit</strong></span> <span class='ocrx_word' id='word_1_253' title='bbox 1823 2519 1972 2578; x_wconf 88' lang='lat' dir='ltr'><strong>istud</strong></span> <span class='ocrx_word' id='word_1_254' title='bbox 2015 2518 2167 2596; x_wconf 87' lang='lat' dir='ltr'><strong>quod</strong></span> 
     </span>
    </p>

    <p class='ocr_par' dir='ltr' id='par_1_4' title="bbox 82 2594 2268 3525">
     <span class='ocr_line' id='line_1_29' title="bbox 179 2594 2268 2681; baseline -0.001 -22"><span class='ocrx_word' id='word_1_255' title='bbox 179 2611 488 2679; x_wconf 88' lang='lat' dir='ltr'><strong>praeeunte</strong></span> <span class='ocrx_word' id='word_1_256' title='bbox 517 2601 705 2679; x_wconf 80' lang='lat' dir='ltr'><strong>nullu,</strong></span> <span class='ocrx_word' id='word_1_257' title='bbox 735 2620 803 2661; x_wconf 88' lang='lat' dir='ltr'><strong>an</strong></span> <span class='ocrx_word' id='word_1_258' title='bbox 833 2602 944 2661; x_wconf 86' lang='lat' dir='ltr'><strong>hoc</strong></span> <span class='ocrx_word' id='word_1_259' title='bbox 976 2601 1129 2680; x_wconf 90' lang='lat' dir='ltr'><strong>quod</strong></span> <span class='ocrx_word' id='word_1_260' title='bbox 1155 2600 1266 2663; x_wconf 84' lang='lat' dir='ltr'><strong>alio</strong></span> <span class='ocrx_word' id='word_1_261' title='bbox 1296 2612 1604 2681; x_wconf 87' lang='lat' dir='ltr'><strong>praeeunte</strong></span> <span class='ocrx_word' id='word_1_262' title='bbox 1632 2605 1843 2662; x_wconf 89' lang='lat' dir='ltr'><strong>iurasti.</strong></span> <span class='ocrx_word' id='word_1_263' title='bbox 1881 2601 1944 2661; x_wconf 93' lang='lat' dir='ltr'><strong>In</strong></span> <span class='ocrx_word' id='word_1_264' title='bbox 1967 2603 2163 2660; x_wconf 88' lang='lat' dir='ltr'><strong>rostris</strong></span> <span class='ocrx_word' id='word_1_265' title='bbox 2186 2594 2268 2658; x_wconf 88' lang='grc'><strong>65</strong></span> 
     </span>
     <span class='ocr_line' id='line_1_30' title="bbox 180 2684 2165 2764; baseline 0.001 -22"><span class='ocrx_word' id='word_1_266' title='bbox 180 2702 408 2762; x_wconf 90' lang='lat' dir='ltr'><strong>qnoque</strong></span> <span class='ocrx_word' id='word_1_267' title='bbox 450 2686 613 2745; x_wconf 88' lang='lat' dir='ltr'><strong>simili</strong></span> <span class='ocrx_word' id='word_1_268' title='bbox 653 2685 932 2762; x_wconf 84' lang='lat' dir='ltr'><strong>religione</strong></span> <span class='ocrx_word' id='word_1_269' title='bbox 974 2688 1099 2763; x_wconf 89' lang='lat' dir='ltr'><strong>ipse</strong></span> <span class='ocrx_word' id='word_1_270' title='bbox 1140 2696 1197 2746; x_wconf 89' lang='lat' dir='ltr'><strong>te</strong></span> <span class='ocrx_word' id='word_1_271' title='bbox 1243 2686 1472 2764; x_wconf 83' lang='lat' dir='ltr'><strong>legibus</strong></span> <span class='ocrx_word' id='word_1_272' title='bbox 1531 2686 1852 2761; x_wconf 87' lang='lat' dir='ltr'><strong>subiecisti,</strong></span> <span class='ocrx_word' id='word_1_273' title='bbox 1917 2684 2165 2760; x_wconf 79' lang='lat' dir='ltr'><strong>legihuS,</strong></span> 
     </span>
     <span class='ocr_line' id='line_1_31' title="bbox 84 2766 2168 2848; baseline -0.001 -21"><span class='ocrx_word' id='word_1_274' title='bbox 84 2780 163 2833; x_wconf 84' lang='lat'><strong>30</strong></span> <span class='ocrx_word' id='word_1_275' title='bbox 182 2766 426 2845; x_wconf 88' lang='lat' dir='ltr'><strong>Caesar,</strong></span> <span class='ocrx_word' id='word_1_276' title='bbox 473 2788 609 2848; x_wconf 88' lang='lat' dir='ltr'><strong>quas</strong></span> <span class='ocrx_word' id='word_1_277' title='bbox 647 2787 813 2831; x_wconf 83' lang='lat' dir='ltr'><strong>nemo</strong></span> <span class='ocrx_word' id='word_1_278' title='bbox 845 2771 1085 2847; x_wconf 90' lang='lat' dir='ltr'><strong>principi</strong></span> <span class='ocrx_word' id='word_1_279' title='bbox 1115 2772 1364 2848; x_wconf 88' lang='lat' dir='ltr'><strong>scripsit.</strong></span> <span class='ocrx_word' id='word_1_280' title='bbox 1415 2769 1531 2829; x_wconf 91' lang='lat' dir='ltr'><strong>Sed</strong></span> <span class='ocrx_word' id='word_1_281' title='bbox 1558 2779 1617 2827; x_wconf 91' lang='lat' dir='ltr'><strong>tu</strong></span> <span class='ocrx_word' id='word_1_282' title='bbox 1648 2768 1781 2829; x_wconf 89' lang='lat' dir='ltr'><strong>nihil</strong></span> <span class='ocrx_word' id='word_1_283' title='bbox 1815 2768 2052 2845; x_wconf 88' lang='lat' dir='ltr'><strong>amplius</strong></span> <span class='ocrx_word' id='word_1_284' title='bbox 2080 2769 2168 2826; x_wconf 86' lang='lat' dir='ltr'><strong>vis</strong></span> 
     </span>
     <span class='ocr_line' id='line_1_32' title="bbox 178 2849 2169 2932; baseline -0.001 -21"><span class='ocrx_word' id='word_1_285' title='bbox 178 2852 279 2911; x_wconf 87' lang='lat' dir='ltr'><strong>tihi</strong></span> <span class='ocrx_word' id='word_1_286' title='bbox 308 2851 482 2912; x_wconf 89' lang='lat' dir='ltr'><strong>licere</strong></span> <span class='ocrx_word' id='word_1_287' title='bbox 518 2872 679 2931; x_wconf 90' lang='lat' dir='ltr'><strong>qnam</strong></span> <span class='ocrx_word' id='word_1_288' title='bbox 707 2855 899 2913; x_wconf 89' lang='lat' dir='ltr'><strong>nobis:</strong></span> <span class='ocrx_word' id='word_1_289' title='bbox 939 2855 1024 2913; x_wconf 90' lang='lat' dir='ltr'><strong>sic</strong></span> <span class='ocrx_word' id='word_1_290' title='bbox 1065 2855 1123 2913; x_wconf 85' lang='lat' dir='ltr'><strong>fit</strong></span> <span class='ocrx_word' id='word_1_291' title='bbox 1151 2863 1211 2912; x_wconf 93' lang='lat' dir='ltr'><strong>ut</strong></span> <span class='ocrx_word' id='word_1_292' title='bbox 1244 2871 1349 2913; x_wconf 90' lang='lat' dir='ltr'><strong>nos</strong></span> <span class='ocrx_word' id='word_1_293' title='bbox 1379 2855 1478 2913; x_wconf 87' lang='lat' dir='ltr'><strong>tibi</strong></span> <span class='ocrx_word' id='word_1_294' title='bbox 1507 2853 1634 2932; x_wconf 88' lang='lat' dir='ltr'><strong>plus</strong></span> <span class='ocrx_word' id='word_1_295' title='bbox 1668 2852 1927 2912; x_wconf 83' lang='lat' dir='ltr'><strong>velimus.</strong></span> <span class='ocrx_word' id='word_1_296' title='bbox 2000 2849 2169 2923; x_wconf 82' lang='lat' dir='ltr'><strong>Quod</strong></span> 
     </span>
     <span class='ocr_line' id='line_1_33' title="bbox 179 2932 2164 3015; baseline 0 -21"><span class='ocrx_word' id='word_1_297' title='bbox 179 2932 293 3012; x_wconf 66' lang='lat' dir='ltr'><strong>ego</strong></span> <span class='ocrx_word' id='word_1_298' title='bbox 314 2932 469 2995; x_wconf 69' lang='lat' dir='ltr'><strong>‘nunc</strong></span> <span class='ocrx_word' id='word_1_299' title='bbox 498 2939 733 3015; x_wconf 90' lang='lat' dir='ltr'><strong>primum</strong></span> <span class='ocrx_word' id='word_1_300' title='bbox 764 2937 960 3013; x_wconf 81' lang='lat' dir='ltr'><strong>audin,</strong></span> <span class='ocrx_word' id='word_1_301' title='bbox 990 2956 1137 2998; x_wconf 90' lang='lat' dir='ltr'><strong>nunc</strong></span> <span class='ocrx_word' id='word_1_302' title='bbox 1169 2940 1403 3013; x_wconf 90' lang='lat' dir='ltr'><strong>primum</strong></span> <span class='ocrx_word' id='word_1_303' title='bbox 1426 2936 1617 3014; x_wconf 91' lang='lat' dir='ltr'><strong>disco,</strong></span> <span class='ocrx_word' id='word_1_304' title='bbox 1649 2955 1762 2996; x_wconf 89' lang='lat' dir='ltr'><strong>non</strong></span> <span class='ocrx_word' id='word_1_305' title='bbox 1789 2945 1876 2996; x_wconf 90' lang='lat' dir='ltr'><strong>est</strong></span> <span class='ocrx_word' id='word_1_306' title='bbox 1899 2937 2164 3014; x_wconf 90' lang='lat' dir='ltr'><strong>princeps</strong></span> 
     </span>
     <span class='ocr_line' id='line_1_34' title="bbox 177 3018 2164 3100; baseline -0.001 -21"><span class='ocrx_word' id='word_1_307' title='bbox 177 3036 354 3096; x_wconf 89' lang='lat' dir='ltr'><strong>super</strong></span> <span class='ocrx_word' id='word_1_308' title='bbox 381 3019 568 3097; x_wconf 88' lang='lat' dir='ltr'><strong>leges,</strong></span> <span class='ocrx_word' id='word_1_309' title='bbox 604 3022 708 3081; x_wconf 88' lang='lat' dir='ltr'><strong>sed</strong></span> <span class='ocrx_word' id='word_1_310' title='bbox 735 3020 899 3098; x_wconf 86' lang='lat' dir='ltr'><strong>leges</strong></span> <span class='ocrx_word' id='word_1_311' title='bbox 929 3037 1103 3100; x_wconf 87' lang='lat' dir='ltr'><strong>super</strong></span> <span class='ocrx_word' id='word_1_312' title='bbox 1124 3023 1467 3098; x_wconf 89' lang='lat' dir='ltr'><strong>principem,</strong></span> <span class='ocrx_word' id='word_1_313' title='bbox 1497 3021 1757 3099; x_wconf 86' lang='lat' dir='ltr'><strong>idemque</strong></span> <span class='ocrx_word' id='word_1_314' title='bbox 1781 3018 2010 3080; x_wconf 85' lang='lat' dir='ltr'><strong>Caesari</strong></span> <span class='ocrx_word' id='word_1_315' title='bbox 2033 3037 2164 3079; x_wconf 87' lang='lat' dir='ltr'><strong>con-</strong></span> 
     </span>
     <span class='ocr_line' id='line_1_35' title="bbox 177 3102 2163 3181; baseline 0.002 -21"><span class='ocrx_word' id='word_1_316' title='bbox 177 3102 288 3169; x_wconf 84' lang='lat' dir='ltr'><strong>suli</strong></span> <span class='ocrx_word' id='word_1_317' title='bbox 320 3104 471 3181; x_wconf 89' lang='lat' dir='ltr'><strong>quod</strong></span> <span class='ocrx_word' id='word_1_318' title='bbox 504 3107 711 3164; x_wconf 90' lang='lat' dir='ltr'><strong>ceteris</strong></span> <span class='ocrx_word' id='word_1_319' title='bbox 742 3123 852 3164; x_wconf 89' lang='lat' dir='ltr'><strong>non</strong></span> <span class='ocrx_word' id='word_1_320' title='bbox 880 3104 1035 3165; x_wconf 88' lang='lat' dir='ltr'><strong>licet.</strong></span> <span class='ocrx_word' id='word_1_321' title='bbox 1102 3104 1251 3165; x_wconf 87' lang='lat' dir='ltr'><strong>Iurat</strong></span> <span class='ocrx_word' id='word_1_322' title='bbox 1281 3107 1336 3164; x_wconf 90' lang='lat' dir='ltr'><strong>in</strong></span> <span class='ocrx_word' id='word_1_323' title='bbox 1366 3105 1558 3181; x_wconf 86' lang='lat' dir='ltr'><strong>legem</strong></span> <span class='ocrx_word' id='word_1_324' title='bbox 1583 3104 1996 3165; x_wconf 90' lang='lat' dir='ltr'><strong>attendentibus</strong></span> <span class='ocrx_word' id='word_1_325' title='bbox 2029 3104 2163 3170; x_wconf 84' lang='lat' dir='ltr'><strong>diis;</strong></span> 
     </span>
     <span class='ocr_line' id='line_1_36' title="bbox 82 3186 2165 3266; baseline -0.002 -14"><span class='ocrx_word' id='word_1_326' title='bbox 82 3198 159 3252; x_wconf 85' lang='lat'><strong>35</strong></span> <span class='ocrx_word' id='word_1_327' title='bbox 178 3204 306 3249; x_wconf 86' lang='lat' dir='ltr'><strong>nam</strong></span> <span class='ocrx_word' id='word_1_328' title='bbox 348 3188 437 3246; x_wconf 91' lang='lat' dir='ltr'><strong>cui</strong></span> <span class='ocrx_word' id='word_1_329' title='bbox 476 3189 652 3263; x_wconf 87' lang='lat' dir='ltr'><strong>magis</strong></span> <span class='ocrx_word' id='word_1_330' title='bbox 696 3206 859 3266; x_wconf 91' lang='lat' dir='ltr'><strong>quam</strong></span> <span class='ocrx_word' id='word_1_331' title='bbox 893 3186 1131 3249; x_wconf 79' lang='lat' dir='ltr'><strong>Caesari</strong></span> <span class='ocrx_word' id='word_1_332' title='bbox 1176 3186 1498 3248; x_wconf 76' lang='lat' dir='ltr'><strong>attendant?</strong></span> <span class='ocrx_word' id='word_1_333' title='bbox 1555 3190 1696 3248; x_wconf 87' lang='lat' dir='ltr'><strong>iurat</strong></span> <span class='ocrx_word' id='word_1_334' title='bbox 1739 3189 2165 3248; x_wconf 86' lang='lat' dir='ltr'><strong>observantibus</strong></span> 
     </span>
     <span class='ocr_line' id='line_1_37' title="bbox 177 3270 2164 3351; baseline 0 -22"><span class='ocrx_word' id='word_1_335' title='bbox 177 3272 246 3330; x_wconf 88' lang='lat' dir='ltr'><strong>iis</strong></span> <span class='ocrx_word' id='word_1_336' title='bbox 273 3272 474 3349; x_wconf 88' lang='lat' dir='ltr'><strong>quibus</strong></span> <span class='ocrx_word' id='word_1_337' title='bbox 504 3270 651 3330; x_wconf 89' lang='lat' dir='ltr'><strong>idem</strong></span> <span class='ocrx_word' id='word_1_338' title='bbox 680 3272 965 3330; x_wconf 91' lang='lat' dir='ltr'><strong>iurandum</strong></span> <span class='ocrx_word' id='word_1_339' title='bbox 994 3281 1119 3348; x_wconf 87' lang='lat' dir='ltr'><strong>est,</strong></span> <span class='ocrx_word' id='word_1_340' title='bbox 1165 3289 1279 3331; x_wconf 89' lang='lat' dir='ltr'><strong>non</strong></span> <span class='ocrx_word' id='word_1_341' title='bbox 1306 3275 1532 3350; x_wconf 85' lang='lat' dir='ltr'><strong>ignarus</strong></span> <span class='ocrx_word' id='word_1_342' title='bbox 1566 3271 1774 3351; x_wconf 89' lang='lat' dir='ltr'><strong>alioqui</strong></span> <span class='ocrx_word' id='word_1_343' title='bbox 1804 3274 2005 3331; x_wconf 88' lang='lat' dir='ltr'><strong>nemini</strong></span> <span class='ocrx_word' id='word_1_344' title='bbox 2033 3270 2164 3330; x_wconf 88' lang='lat' dir='ltr'><strong>reli·</strong></span> 
     </span>
     <span class='ocr_line' id='line_1_38' title="bbox 177 3354 2162 3433; baseline -0.001 -22"><span class='ocrx_word' id='word_1_345' title='bbox 177 3355 395 3431; x_wconf 87' lang='lat' dir='ltr'><strong>giosius</strong></span> <span class='ocrx_word' id='word_1_346' title='bbox 428 3354 578 3432; x_wconf 89' lang='lat' dir='ltr'><strong>quod</strong></span> <span class='ocrx_word' id='word_1_347' title='bbox 607 3356 870 3414; x_wconf 83' lang='lat' dir='ltr'><strong>iuraverit</strong></span> <span class='ocrx_word' id='word_1_348' title='bbox 902 3355 1325 3416; x_wconf 89' lang='lat' dir='ltr'><strong>custodiendum</strong></span> <span class='ocrx_word' id='word_1_349' title='bbox 1354 3373 1516 3433; x_wconf 89' lang='lat' dir='ltr'><strong>quam</strong></span> <span class='ocrx_word' id='word_1_350' title='bbox 1546 3358 1703 3416; x_wconf 88' lang='lat' dir='ltr'><strong>cuius</strong></span> <span class='ocrx_word' id='word_1_351' title='bbox 1732 3358 1967 3415; x_wconf 88' lang='lat' dir='ltr'><strong>maxime</strong></span> <span class='ocrx_word' id='word_1_352' title='bbox 1996 3356 2162 3412; x_wconf 88' lang='lat' dir='ltr'><strong>inter-</strong></span> 
     </span>
     <span class='ocr_line' id='line_1_39' title="bbox 179 3434 2164 3525; baseline -0.002 -27"><span class='ocrx_word' id='word_1_353' title='bbox 179 3445 272 3498; x_wconf 86' lang='lat' dir='ltr'><strong>est</strong></span> <span class='ocrx_word' id='word_1_354' title='bbox 309 3454 420 3496; x_wconf 89' lang='lat' dir='ltr'><strong>non</strong></span> <span class='ocrx_word' id='word_1_355' title='bbox 459 3439 717 3514; x_wconf 55' lang='lat' dir='ltr'><strong>peierari4</strong></span> <span class='ocrx_word' id='word_1_356' title='bbox 786 3436 984 3525; x_wconf 55' lang='lat' dir='ltr'><strong>Itaque</strong></span> <span class='ocrx_word' id='word_1_357' title='bbox 1025 3447 1083 3497; x_wconf 90' lang='lat' dir='ltr'><strong>et</strong></span> <span class='ocrx_word' id='word_1_358' title='bbox 1114 3439 1362 3500; x_wconf 64' lang='lat' dir='ltr'><strong>abiturus</strong></span> <span class='ocrx_word' id='word_1_359' title='bbox 1396 3439 1688 3500; x_wconf 85' lang='lat' dir='ltr'><strong>consulatu</strong></span> <span class='ocrx_word' id='word_1_360' title='bbox 1721 3441 1911 3500; x_wconf 88' lang='lat' dir='ltr'><strong>iurasti</strong></span> <span class='ocrx_word' id='word_1_361' title='bbox 1943 3447 2002 3496; x_wconf 87' lang='lat' dir='ltr'><strong>te</strong></span> <span class='ocrx_word' id='word_1_362' title='bbox 2028 3434 2164 3495; x_wconf 87' lang='lat' dir='ltr'><strong>nihil</strong></span> 
     </span>
    </p>
   </div>
  </div>
 </body>
</html>
