2467 3850
433 185 953 249 EPISTULARUM
977 196 1264 252 22.-29.
1308 188 1609 268 [aa—38.
1643 191 1865 271 10.11.]
2014 189 2139 256 207

156 340 291 401 mihi
319 349 453 420 post
489 338 835 400 consulatum
874 341 1249 400 reverentiam
1276 348 1525 419 praestat
1558 347 1615 400 ct
1645 340 1905 418 publicae
1934 359 2137 402 neces-

156 425 414 487 situdinis
441 428 677 503 pignera
710 424 946 504 privatis
987 424 1228 484 cumulat
1268 424 1489 484 officiis.
1554 423 1720 501 Rogo
1749 442 1889 502 ergo
1921 435 1982 485 ut
2010 428 2187 504 ipse2

154 509 305 588 apud
347 518 405 569 te
447 525 553 587 pro
596 506 863 585 dignitate
903 510 1026 569 eius
1064 509 1330 587 precibus
1373 509 1515 569 meis
1554 507 1778 583 faveas,
1823 511 1913 569 cui
1953 518 2042 587 et,
2087 511 2136 570 si

158 593 293 671 quid
320 592 452 651 mihi
470 590 682 668 credis,
713 590 1110 668 indulgentiam
1135 600 1287 651 tuam
1316 591 1489 652 dabis.
1555 589 1724 652 Dabit
1751 594 1877 671 ipse
1909 609 2138 670 operam

102 686 215 738 5ut
240 678 297 736 in
323 677 392 734 iis
423 694 566 754 quae
602 677 657 735 ei
699 675 1047 735 mandaveris
1089 677 1296 735 maiora
1334 684 1630 735 mereatur.
1690 675 2009 738 Parciorem
2044 695 2137 736 me

155 763 214 820 in
242 759 518 819 laudando
548 759 685 818 facit
727 757 877 837 quod
920 777 1090 837 spero
1132 759 1231 819 tibi
1273 768 1329 819 et
1357 761 1733 837 integritatem
1766 762 1887 820 eius
1918 770 1976 821 et
2004 778 2136 840 pro-

153 845 385 905 bitatem
406 852 465 903 et
491 842 814 903 industriam
830 860 943 902 non
960 842 1141 902 solum
1160 861 1233 903 ex
1258 845 1377 903 eius
1398 844 1727 920 honoribus,
1753 861 1896 922 quos
1919 847 1975 905 in
1996 845 2137 904 urbe

154 928 260 989 sub
292 926 475 987 oculis
505 929 614 987 tuis
642 929 845 1004 gessit,
874 945 1067 986 verum
1098 928 1264 986 etiam
1297 945 1368 987 ex
1398 927 1718 987 commilitio
1756 946 1889 989 esse
1912 930 2137 989 notissi-

154 1029 316 1071 mam.
381 1010 528 1071 lllud
557 1027 758 1087 unum,
808 1011 959 1089 quod
1002 1020 1237 1090 propter
1270 1013 1554 1071 caritatem
1585 1013 1705 1071 eius
1732 1011 1974 1072 nondum
2004 1012 2186 1073 mihis

73 1101 140 1153 10
153 1096 356 1156 videor
379 1096 514 1154 satis
542 1093 713 1174 plene
747 1093 962 1156 fecisse
979 1140 997 1172 ,
1027 1097 1193 1154 etiam
1220 1103 1388 1174 atque
1420 1096 1585 1155 etiam
1613 1093 1764 1156 facio
1791 1105 1998 1175 teque,
2030 1096 2135 1156 do-

153 1181 337 1256 mine,
379 1195 524 1255 rogo
554 1177 801 1256 gaudere
830 1197 921 1239 me
952 1188 1215 1238 exornata
1247 1180 1564 1257 quaestoris
1596 1182 1708 1241 mei
1738 1179 2037 1259 dignitate,
2081 1180 2137 1241 id

156 1273 248 1324 est
279 1281 385 1343 per
415 1262 572 1322 illum
601 1281 747 1341 mea,
787 1280 949 1342 quam
977 1265 1350 1323 maturissime
1378 1262 1542 1323 velis.

853 1395 1084 1459 xxvn.
1134 1395 1435 1476 [xxxvi]

75 1514 139 1567 15
601 1495 655 1547 C.
691 1496 936 1547 PLINIUS
964 1495 1247 1548 TRAIANO
1278 1497 1689 1548 IMPERATORI.

284 1597 590 1676 Maximus,
631 1598 868 1659 libertus
897 1608 955 1658 et
978 1607 1310 1678 procurator
1336 1609 1486 1676 tuus,
1512 1599 1758 1678 domine,
1787 1609 2010 1678 praeter
2035 1600 2134 1661 de-

159 1701 282 1743 cem
311 1685 724 1761 beneficiarioS,
755 1699 898 1760 quos
927 1682 1201 1759 adsignari
1226 1700 1258 1741 a
1278 1700 1368 1740 me
1393 1681 1723 1758 Gemellino,
1756 1686 1967 1762 optimo
1988 1686 2133 1763 viro,

157 1770 401 1845 iussisti,
444 1769 553 1827 sibi
592 1784 820 1846 quoque
863 1766 1150 1825 confirmat
1188 1768 1547 1825 necessarios
1591 1783 1721 1826 esse
1757 1766 1982 1828 milites.
2045 1767 2138 1828 Ex

158 1850 247 1911 his
289 1853 509 1911 interim
543 1894 559 1909 .
585 1892 602 1909 .
626 1896 638 1909 .
665 1895 681 1910 .
708 1897 726 1928 ,
771 1851 919 1910 sicut
959 1850 1308 1925 inveneram,
1362 1851 1418 1908 in
1457 1850 1764 1910 ministerio
1805 1851 1927 1910 eius
1969 1850 2136 1910 relin-

72 1935 418 2014 20quendos
441 1937 787 2012 existimavi,
831 1935 1165 2012 praesertim
1201 1951 1328 1994 cum
1367 1934 1436 1993 ad
1467 1933 1801 1994 frumentum
1831 1952 2137 2012 conparan-

158 2019 288 2079 dum
314 2022 421 2080 iret
449 2022 506 2081 in
535 2017 982 2097 Paphlagoniam.
1040 2016 1186 2090 Quin
1215 2020 1382 2077 etiam
1411 2016 1620 2078 tutelae
1652 2035 1853 2095 causa,
1898 2020 2027 2096 quia
2058 2020 2137 2078 ita

158 2103 546 2182 desiderabat,
583 2102 770 2165 addidi
810 2101 951 2163 duos
980 2103 1219 2181 equites.
1278 2100 1342 2162 In
1373 2101 1615 2162 futurum
1643 2101 1776 2183 quid
1804 2102 2013 2165 servari
2038 2121 2134 2162 ve-

157 2187 230 2249 lis
258 2204 402 2266 rogo
430 2189 733 2249 rescribas.

68 2358 140 2414 25
835 2318 1092 2382 xxvm.
1124 2319 1455 2403 [xxxva]

790 2422 1114 2473 TRAIANUS
1180 2422 1393 2472 PLINIO
1449 2419 1501 2472 S.

280 2522 444 2586 Nunc
482 2525 705 2604 quidem
746 2527 1204 2603 proficiscentem
1246 2523 1316 2584 ad
1358 2524 1806 2603 conparationem
1833 2523 2135 2584 frumento·

154 2627 280 2668 rum
320 2608 648 2687 Maximum,
705 2608 967 2669 libertum
1014 2626 1232 2685 meum,
1285 2617 1445 2668 recte
1497 2607 1758 2668 militibus
1812 2608 2135 2667 instruxisti.

156 2692 520 2771 Fungebatur
542 2694 690 2752 enim
729 2701 787 2752 et
825 2694 950 2771 ipse
979 2691 1414 2751 extraordinario
1444 2708 1697 2751 munere.
1754 2688 1895 2749 Cum
1925 2688 1992 2748 ad
2026 2690 2139 2765 pri-

72 2779 362 2838 30stinum
389 2786 573 2836 actum
603 2792 867 2836 reversus
897 2776 1086 2851 fuerit,
1119 2773 1403 2835 sufficient
1420 2772 1501 2832 illi
1522 2772 1632 2832 duo
1662 2792 1695 2833 a
1723 2781 1781 2833 te
1803 2770 1915 2831 dati
1934 2770 2139 2831 milites

156 2873 214 2922 et
245 2858 480 2920 totidem
507 2877 540 2918 a
560 2857 756 2918 Virdio
782 2855 1118 2936 Gemellino,
1150 2864 1515 2936 procuratore
1534 2872 1686 2933 meo,
1717 2872 1885 2934 quem
1901 2853 2139 2914 adiuvat.

806 2988 1097 3051 xxvnn.
1142 2987 1499 3069 [xxxva

593 3090 646 3145 C.
683 3091 935 3144 PLINIUS
971 3091 1258 3141 TRAIANO
1293 3089 1705 3143 IMPERATORI.

70 3208 142 3262 35
287 3196 652 3275 Sempronius
675 3192 971 3256 Caelianus
987 3239 1005 3273 ,
1039 3195 1305 3272 egregius
1327 3194 1546 3254 iuvenis
1560 3237 1579 3269 ,
1611 3198 1872 3271 repertos
1900 3191 2045 3251 inter
2071 3190 2137 3250 ti·
2157 3203 2187 3254 l

159 3298 331 3341 rones
374 3279 515 3341 duos
557 3297 759 3341 servos
797 3280 946 3340 misit
985 3277 1054 3338 ad
1090 3296 1212 3347 me;
1256 3295 1491 3358 quorum
1519 3293 1631 3354 ego
1663 3273 1999 3355 supplicium
2027 3272 2140 3335 dis-

159 3363 295 3441 tuli,
337 3373 397 3424 ut
435 3373 495 3424 te
523 3364 873 3425 conditorem
903 3363 1231 3441 disciplinae
1256 3361 1504 3422 militaris
1536 3361 1980 3437 firmatoremque
2006 3373 2140 3416 con-

163 3447 409 3509 sulerem
449 3447 521 3508 de
561 3448 730 3511 modo
768 3465 1006 3529 poenae.
1071 3445 1205 3527 Ipse
1243 3448 1391 3509 enim
1419 3444 1609 3509 dubito
1639 3445 1715 3508 ob
1742 3444 1853 3505 hoc
1879 3442 2138 3518 maxime,
2160 3449 2194 3500 2
