2467 3850
307 193 432 257 210
901 192 967 253 C.
1006 191 1198 254 PLINI
1240 191 1338 253 ET
1375 190 1687 253 TRAIANI

312 365 378 407 ea
411 363 553 424 quae
594 345 664 406 ad
699 345 1051 407 coercendos
1089 347 1254 422 ignes
1297 344 1503 405 auxilio
1548 364 1681 405 esse
1723 347 1942 424 possint
1982 342 2297 405 admoneri-

310 450 422 509 que
462 429 717 490 dominos
748 429 1101 507 praediorum
1126 438 1186 488 ut
1222 437 1279 488 et
1307 432 1416 507 ipsi
1451 430 1771 509 inhibeant,
1803 448 1871 490 ac
1902 432 1952 489 si
1980 447 2073 489 res
2109 446 2296 508 popo-

310 517 505 591 scerit,
537 514 777 574 adcursu
806 512 1001 593 populi
1032 514 1103 573 ad
1129 513 1241 571 hoc
1269 516 1367 573 uti.

1009 646 1242 708 XXXV.
1294 646 1565 727 [xum]
2308 686 2342 737 5

743 746 798 801 G.
837 746 1087 798 PLINIUS
1124 747 1411 798 TRAIANO
1449 745 1863 799 IMPERATORI.

432 852 740 914 Sollemnia
781 861 913 911 vota
967 869 1072 930 pro
1123 851 1504 912 incolumitate
1550 862 1674 929 tua,
1730 870 1837 930 qua
1876 850 2102 929 publica
2139 850 2297 913 salus

310 941 657 1013 continetur,
694 946 751 996 et
784 938 1173 1014 suscepimus,
1206 936 1461 1012 domine,
1493 938 1703 1014 pariter
1735 945 1791 995 et
1821 935 2126 1013 solvimus,
2161 954 2296 1016 pre-

311 1025 416 1082 cati
451 1023 591 1083 deos
622 1029 681 1080 ut
708 1019 886 1080 velint
921 1038 987 1079 ea
1012 1039 1240 1099 semper
1274 1019 1421 1080 solvi
1450 1037 1791 1099 semperque
1825 1022 2048 1096 signari.

1043 1153 1299 1216 xxxvl.
1345 1154 1555 1233 [xm

962 1252 1290 1305 TRAIANUS
1324 1252 1534 1303 PLINIO
1577 1252 1631 1302 S.

432 1355 508 1415 Et
550 1355 793 1416 solvisse
827 1373 933 1416 vos
965 1374 1090 1415 cum
1131 1353 1567 1433 provincialibus
1607 1352 1713 1412 diis
1752 1351 2132 1413 inmortalibus
2163 1359 2296 1410 vota

311 1456 414 1518 pro
445 1458 570 1499 mea
602 1439 779 1499 salute
812 1449 868 1499 et
896 1439 1277 1499 incolumitate
1310 1447 1367 1498 et
1401 1455 1759 1515 nuncupasse
1788 1436 2053 1515 libenter,
2080 1437 2155 1496 mi
2189 1432 2293 1495 Se-

312 1522 491 1582 cunde
516 1526 822 1603 carissime,
858 1525 1105 1602 cognovi
1135 1542 1208 1583 ex
1239 1523 1444 1583 litteris
1479 1523 1605 1582 tuis,
2310 1528 2373 1579 15

1010 1656 1294 1718 xxxvn.
1342 1654 1580 1734 [nvi]

752 1755 807 1808 C.
845 1755 1092 1806 PLINIUS
1126 1756 1412 1807 TRAIANO
1447 1754 1858 1806 IMPERATORI.

263 1880 291 1931 1
375 1868 380 1883 '
434 1861 499 1922 In
528 1882 706 1943 aquae
732 1863 978 1941 ductum,
1013 1863 1258 1940 domine,
1290 1862 1737 1925 Nicomedenses
1777 1861 2147 1942 inpenderunt
2176 1859 2288 1920 HS.

313 1947 517 2027 [XXX]
552 1947 919 2025 CCCXXIX,
955 1950 1048 2028 qui
1077 1948 1428 2026 inperfectus
1457 1948 1636 2007 adhuc
1666 1947 1897 2008 relictus
1927 1957 2095 2024 atque
2125 1948 2291 2005 etiam
2307 1956 2375 2008 20

310 2032 629 2092 destructus
660 2042 780 2093 est:
809 2050 1003 2092 rursus
1036 2034 1093 2092 in
1119 2031 1285 2091 alium
1313 2032 1541 2092 ductum
1576 2040 1807 2109 erogata
1835 2041 1960 2091 sunt
1987 2029 2101 2090 GC.
2164 2029 2293 2089 Hoc

311 2133 538 2193 quoque
559 2115 762 2176 relicto
796 2132 944 2174 novo
975 2116 1240 2195 inpendio
1273 2125 1361 2176 est
1396 2134 1572 2195 opus,
1613 2127 1673 2176 ut
1702 2133 1897 2193 aquam
1927 2116 2167 2174 habeant
2194 2117 2292 2194 qui

256 2209 511 2265 2tantam
550 2202 842 2277 pecuniam
882 2199 1026 2259 male
1069 2200 1450 2278 perdiderunt.
1517 2199 1649 2279 Ipse
1691 2201 1928 2277 perveni
1965 2198 2035 2259 ad
2076 2199 2293 2258 fontem

309 2283 663 2361 purissimum
682 2330 699 2360 ,
735 2302 809 2343 ex
837 2281 948 2362 quo
979 2284 1203 2344 videtur
1232 2302 1376 2363 aqua
1406 2284 1617 2344 debere
1648 2283 1915 2362 perduci,
1959 2285 2105 2343 sicut
2133 2284 2290 2342 initio

308 2373 634 2443 temptatum
656 2376 804 2443 erat,
840 2378 1066 2428 arcuato
1094 2386 1305 2448 opere,
1331 2388 1402 2428 ne
1433 2378 1643 2429 tantum
1669 2367 1738 2426 ad
1767 2368 1930 2445 plana
1961 2369 2199 2427 civitatis
2232 2376 2289 2427 et
2306 2378 2370 2430 25

305 2448 530 2509 humilia
553 2453 866 2528 perveniat.
924 2451 1148 2512 Manent
1181 2452 1362 2511 adhuc
1392 2454 1714 2530 paucissimi
1742 2470 1937 2512 arcus:
1967 2460 2208 2530 possunt
2233 2460 2292 2510 et

292 2535 450 2611 'erigi
492 2534 712 2614 quidam
751 2535 937 2616 lapide
980 2536 1283 2616 quadrato,
1329 2538 1421 2615 qui
1467 2555 1539 2597 ex
1567 2539 1859 2614 superiore
1897 2553 2074 2614 opere
2106 2535 2290 2594 detra·

307 2629 431 2679 ctus
463 2629 586 2680 est:
621 2619 810 2698 aliqua
838 2639 1000 2699 pars,
1034 2630 1092 2680 ut
1122 2620 1255 2679 mihi
1284 2620 1541 2697 videtur,
1574 2629 1829 2681 testaceo
1860 2638 2036 2699 opere
2070 2618 2289 2697 agenda

252 2706 437 2773 3erit;
482 2705 541 2764 id
580 2707 727 2764 enim
757 2713 814 2762 et
848 2703 1070 2764 facilius
1108 2714 1165 2764 et
1194 2703 1378 2765 vilius.
1445 2704 1561 2765 Sed
1597 2707 1652 2764 in
1686 2705 1876 2783 primis
1902 2705 2290 2763 necessarium

306 2795 394 2846 est
425 2790 564 2848 mitti
593 2806 624 2849 a
657 2797 715 2847 te
742 2787 838 2847 vel
881 2787 1202 2866 aquilegem
1232 2787 1327 2848 vel
1362 2789 1760 2866 architectum,
1804 2806 1876 2846 ne
1912 2805 2103 2846 rursus
2152 2799 2369 2852 eve-30

300 2873 415 2929 niat
446 2871 596 2949 quod
623 2870 842 2932 accidit.
903 2871 1032 2950 Ego
1066 2871 1204 2931 illud
1234 2890 1401 2931 unum
1441 2872 1701 2948 adfirmo,
1744 2882 1800 2931 et
1828 2870 2119 2931 utilitatem
2148 2888 2289 2950 ope-

302 2955 379 3011 ris
410 2961 469 3012 et
500 2952 974 3032 pulchritudinem
1006 2954 1239 3015 saeculo
1271 2965 1365 3016 tuo
1395 2974 1525 3016 esse
1559 2956 1952 3033 dignissimam.

2314 1113 2378 1164 10

982 3088 1298 3149 xxxvm.
1326 3088 1569 3168 [XLVII.
1575 3092 1596 3169 J

946 3188 1272 3239 TRAIANUS
1318 3190 1528 3240 PL1N10
1585 3189 1637 3239 S.
2059 3201 2074 3208 ’
2302 3216 2366 3270 35

236 3298 267 3349 1
409 3281 724 3344 Curandum
762 3296 851 3347 est
892 3295 951 3346 ut
982 3307 1123 3366 aqua
1164 3293 1218 3348 in
1260 3289 1734 3350 Nicomedensem
1766 3293 2046 3352 civitatem
2075 3290 2284 3370 perdu-

305 3373 474 3425 catur.
541 3368 694 3426 Vere
735 3369 908 3427 credo
952 3380 1010 3430 te
1041 3389 1108 3430 ea
1142 3390 1252 3449 qua
1285 3372 1519 3434 debebis
1550 3374 1836 3451 diligentia
1865 3376 1977 3436 hoc
2011 3392 2155 3455 opus
2188 3376 2285 3435 ad·

302 3466 644 3528 grcssurum.
684 3448 801 3509 Sed
829 3451 1045 3513 medius
1076 3453 1236 3515 fidius
1261 3455 1333 3517 ad
1351 3459 1585 3519 eandem
1614 3458 1954 3538 diligentiam
1975 3469 2123 3521 tuam
2151 3479 2285 3540 per-
