2467 3850
330 175 412 238 46
1172 170 1235 232 G.
1283 169 1473 231 PLINI

316 332 466 388 intra
497 325 918 387 contubernium
951 336 1103 386 tuum
1129 325 1327 402 tenuit,
1361 333 1762 402 praeceptores
1791 321 1937 382 domi
1966 321 2178 398 habuit,
2211 322 2310 382 ubi

328 422 419 472 est
447 410 733 471 erroribus
768 402 986 469 modica
1016 408 1111 469 vel
1141 409 1307 467 etiam
1335 406 1485 466 nulla
1516 408 1760 467 materia.
1826 405 1940 465 Iam
1969 405 2149 466 studia
2181 408 2310 467 eius

328 505 485 555 extra
512 494 682 554 limen
715 492 1052 572 proferenda
1082 501 1232 568 sunt,
1267 493 1374 550 iam
1409 488 1947 568 circumspiciendus
1980 489 2175 549 rhetor
2203 489 2308 550 La·

325 581 509 655 tinus,
544 577 702 637 cuius
732 575 963 637 scholae
986 577 1295 651 severitas,
1342 573 1553 652 pudor,
1597 575 1654 633 in
1681 574 1871 652 primis
1910 574 2135 633 castitas
2167 590 2306 633 con·

274 671 461 734 4stet.
523 660 702 720 Adest
735 662 881 719 enim
922 657 1270 718 adulescenti
1297 668 1491 718 nostro
1524 676 1648 716 cum
1681 659 1889 717 ceteris
1918 667 2143 725 naturae
2185 656 2302 716 for·
2324 668 2359 720 5

324 757 607 823 tunaeque
647 743 870 803 dotibus
905 744 1103 801 eximia
1133 743 1387 820 corporis
1418 740 1806 819 pulchritudo,
1850 742 1940 800 cui
1980 741 2037 799 in
2077 739 2189 800 hoc
2218 740 2306 799 lu-

327 830 487 889 brico
520 828 717 888 aetatis
750 845 861 886 uon
888 835 1228 905 praeceptor
1256 824 1421 884 modo
1451 823 1554 884 sed
1580 834 1773 884 custos
1802 826 1966 883 etiam
1993 834 2305 902 rectorque

277 910 681 991 5quaerendus
720 921 829 971 est.
893 909 1107 970 Videor
1144 925 1286 985 ergo
1326 908 1709 968 demonstrare
1748 908 1848 968 tibi
1895 924 2068 985 posse
2101 906 2304 967 lulium

330 995 670 1056 Genitorem.
710 995 941 1054 Amatur
966 1011 998 1053 a
1027 1011 1147 1061 me;
1188 991 1394 1052 iudicio
1426 1000 1611 1051 tamen
1643 1009 1771 1051 meo
1799 1009 1908 1051 non
1939 991 2124 1051 obstat
2161 994 2301 1051 cari·

325 1090 412 1139 tas
441 1078 699 1154 hominis,
731 1096 874 1155 quae
904 1095 975 1137 ex
996 1075 1200 1136 iudicio
1221 1083 1346 1134 nata
1368 1084 1476 1135 est.
1517 1074 1616 1133 Vir
1638 1085 1725 1135 est
1748 1074 2070 1134 emendatus
2092 1084 2149 1135 et
2170 1093 2299 1152 gra-
2326 1091 2394 1142 ιο

325 1164 447 1240 vis,
494 1159 660 1241 paulo
691 1164 857 1221 etiam
895 1160 1171 1220 horridior
1191 1170 1250 1219 et
1273 1159 1481 1235 durior,
1513 1168 1571 1219 ut
1602 1160 1659 1217 iu
1696 1158 1802 1219 hac
1830 1157 2055 1217 licentia
2081 1167 2303 1237 tempo-

276 1265 310 1318 6
330 1265 468 1305 rum.
534 1244 809 1318 Quantum
838 1243 1159 1322 eloquentia
1188 1242 1372 1302 valeat
1401 1241 1653 1321 pluribus
1684 1242 1919 1302 credere
1947 1242 2146 1320 potes;
2175 1261 2303 1302 nam

327 1328 548 1390 dicendi
578 1328 814 1388 facultas
843 1338 1036 1406 aperta
1051 1337 1128 1389 ,et
1161 1328 1420 1405 exposita
1451 1330 1633 1386 statim
1668 1327 1939 1386 cernitur:
1982 1328 2096 1386 vita
2124 1325 2301 1386 homi-

324 1432 453 1473 num
484 1413 629 1472 altos
657 1429 926 1472 recessus
955 1428 1298 1487 magnasque
1338 1409 1581 1470 latebras
1610 1410 1808 1477 habet;
1860 1411 2016 1469 cuius
2046 1427 2150 1488 pro
2189 1407 2300 1470 Ge·

323 1499 506 1557 nitore
536 1514 624 1555 me
660 1513 993 1573 sponsorem
1014 1496 1235 1571 accipe.
1294 1491 1444 1553 Nihil
1476 1513 1550 1553 ex
1584 1493 1693 1552 hoc
1726 1495 1846 1553 viro
1870 1493 2014 1554 lilius
2042 1503 2169 1553 tuus
2203 1512 2299 1552 au·
2323 1513 2389 1565 15
2453 1578 2456 1581 Ι

325 1578 441 1641 diet
462 1582 568 1640 nisi
601 1579 980 1657 profuturum,
1022 1577 1156 1636 nihil
1189 1576 1370 1637 discet
1399 1577 1550 1657 quod
1578 1580 1834 1638 nescisse
1865 1579 2076 1637 rectius
2106 1577 2296 1655 fuerit,

275 1678 307 1734 7
325 1682 433 1723 uec
466 1665 645 1723 minus
677 1680 852 1741 saepe
879 1658 1070 1722 abillo
1107 1679 1272 1739 quam
1297 1680 1329 1721 a
1362 1672 1419 1722 te
1450 1679 1652 1739 meque
1683 1661 2067 1721 admonebitur
2096 1661 2300 1739 quibus

326 1747 654 1824 imaginibus
687 1755 971 1824 oneretur,
1006 1764 1149 1824 quae
1171 1746 1390 1804 nomina
1419 1754 1477 1805 et
1500 1755 1700 1823 quanta
1728 1747 2015 1805 sustineat.
2058 1744 2298 1805 Proinde

324 1830 639 1891 faventibus
681 1829 784 1891 diis
820 1828 976 1890 trade
1010 1846 1134 1889 eum
1172 1832 1566 1908 praeceptori,
1610 1848 1641 1888 a
1685 1846 1794 1907 quo
1823 1846 2008 1888 mores
2039 1832 2296 1906 primum,

323 1933 454 1976 mox
474 1914 848 1994 eloquentiam
871 1914 1068 1992 discat,
1093 1932 1235 1993 quae
1260 1913 1403 1972 male
1427 1915 1547 1974 sine
1571 1913 1818 1975 moribus
1843 1912 2090 1974 discitur.
2133 1913 2295 1974 Vale.
2316 1924 2388 1977 20

1245 2046 1370 2105 1111.

839 2147 896 2201 C.
934 2143 1185 2197 PLINIUS
1219 2143 1506 2195 MACRINO
1541 2143 1660 2197 SUO
1700 2145 1751 2195 S.

274 2265 303 2316 1
445 2250 708 2324 Quamvis
752 2261 809 2310 et
850 2251 1012 2309 amici
1050 2264 1193 2325 quos
1234 2257 1565 2324 praesentes
1605 2248 1875 2308 habebam
1914 2257 1971 2308 et
2004 2266 2296 2308 sermones

322 2335 600 2395 hominum
639 2334 845 2393 factum
886 2349 1068 2390 meum
1111 2331 1496 2408 conprobasse
1538 2333 1857 2408 videantur,
1903 2334 2084 2408 magni
2113 2342 2382 2399 tamen25

273 2422 556 2483 2aestimo
585 2419 734 2477 scire
765 2415 896 2493 quid
925 2416 1133 2474 sentias
1161 2423 1242 2473 tu.
1302 2412 1441 2475 Nam
1476 2417 1632 2475 cuius
1661 2418 1877 2493 integra
1906 2434 1968 2475 re
2001 2416 2298 2476 consilium

323 2504 619 2580 exquirere
650 2509 967 2575 optassem,
1009 2497 1171 2557 huius
1204 2500 1372 2558 etiam
1404 2510 1633 2578 peracta
1671 2498 1932 2559 iudicium
1955 2517 2126 2560 nosse
2157 2502 2298 2559 mire

323 2585 689 2661 concupisco.
751 2578 892 2639 Cum
932 2580 1217 2659 publicum
1248 2598 1392 2660 opus
1426 2600 1549 2642 mea
1581 2585 1819 2661 pecunia
1852 2583 2211 2644 inchoaturus
2239 2586 2298 2643 in

321 2668 537 2727 Tuscos
554 2667 1004 2725 excucurrissem
1024 2675 1288 2743 accepto,
1313 2675 1371 2725 ut
1387 2666 1710 2745 praefectus
1732 2669 1930 2742 aerari,
1958 2677 2293 2742 commeatu,

320 2751 491 2826 legati
531 2750 856 2827 provinciae
896 2748 1158 2809 Baeticae
1211 2752 1460 2828 questuri
1514 2751 1584 2810 de
1636 2750 2034 2830 proconsulatu
2077 2748 2384 2810 Caecili30

274 2833 563 2899 3Classici
609 2831 935 2892 advocatum
973 2849 1063 2893 me
1104 2851 1136 2893 a
1174 2844 1372 2894 senatu
1410 2836 1706 2912 petierunt.
1782 2831 2057 2911 Collegae
2100 2836 2296 2912 optimi

322 2918 546 2993 meique
559 2919 910 2976 amantissimi
925 2917 996 2976 de
1012 2919 1316 2977 communis
1330 2919 1502 2977 officii
1525 2918 1956 2978 necessitatibus
1978 2917 2296 2997 praelocuti

323 3016 595 3059 excusare
625 3018 716 3060 me
744 3012 802 3061 et
833 3002 1078 3061 eximere
1107 3010 1461 3079 temptarunt.
1527 3000 1755 3063 Factum
1785 3011 1873 3062 est
1901 3012 2128 3061 senatus
2160 3019 2297 3062 con-

323 3082 528 3143 sultum
558 3100 825 3162 perquam
852 3084 1237 3162 honorificum,
1268 3094 1329 3144 ut
1356 3086 1518 3145 darer
1544 3085 1976 3163 provincialibus
2001 3096 2292 3162 patronus,

269 3168 367 3227 4si
390 3168 460 3227 ab
500 3168 627 3244 ipso
662 3187 749 3227 me
788 3171 1201 3246 impetrassent.
1267 3168 1460 3246 Legati
1501 3186 1691 3228 rursus
1731 3169 1937 3229 inducti
1971 3172 2172 3228 iterum
2200 3179 2383 3236 me35

321 3252 427 3309 iam
470 3262 823 3330 praesentem
860 3252 1190 3313 advocatum
1230 3252 1683 3329 postulaverunt,
1737 3253 2082 3330 inplorantes
2125 3253 2295 3312 iidem

319 3352 517 3410 meam,
552 3353 713 3413 quam
740 3346 933 3395 essent
961 3346 1152 3396 contra
1182 3334 1422 3396 Massam
1449 3335 1714 3396 Baebium
1744 3339 1995 3414 experti,
2027 3336 2294 3413 adlegan-

318 3426 407 3477 tes
438 3421 708 3496 patrocini
746 3419 967 3479 foedus.
1033 3419 1239 3479 Secuta
1269 3427 1359 3478 est
1397 3428 1624 3479 senatus
1659 3419 1959 3479 clarissima
1999 3420 2289 3498 adsensio,

2443 162 2451 235 i
