2467 3850
392 140 518 205 272
1219 140 1290 202 c.
1328 139 1521 202 rum
1584 99 1603 110 ””

393 298 578 374 cipem
621 295 710 353 cui
752 293 971 354 florenti
1011 302 1070 353 et
1108 294 1374 355 incolumi
1410 307 1705 372 numquam
1732 294 1839 356 nisi
1867 292 2072 368 modici
2099 293 2363 372 honores,

391 380 618 455 saepius
646 377 782 437 nulli
814 378 1274 440 decernerentur.
1316 368 1391 439 Et
1423 396 1592 456 sane,
1621 379 1669 438 si
1695 376 1934 439 velimus
1958 371 2107 438 cum·
2124 381 2368 458 priorum
2428 385 2433 398 ⁴

390 472 703 541 temporum
723 464 1066 522 necessitate
1101 472 1355 542 certare,
1385 464 1702 523 vincemur:
1731 463 2079 538 ingeniosior
2107 472 2197 523 est
2223 466 2370 523 enim
2432 495 2433 502 κ

388 546 459 606 ad
490 545 916 623 excogitandum
947 545 1223 606 simulatio
1253 547 1522 623 veritate,
1567 547 1808 606 servitus
1848 545 2141 622 libertate,
2186 556 2369 607 metus
2432 587 2433 622 3

388 648 595 690 amore.
650 628 858 707 Simul,
892 647 1018 688 cum
1044 630 1150 687 iam
1182 628 1399 708 pridem
1427 631 1646 690 novitas
1677 631 1856 689 omnis
1891 629 2206 690 adulatione
2234 648 2369 690 con·
2387 638 2416 689 5

389 722 608 794 sumpta
652 716 755 788 sit,
796 728 910 772 non
949 711 1090 773 alius
1129 730 1266 791 erga
1307 723 1363 774 te
1396 731 1577 774 novus
1607 713 1788 773 honor
1825 722 2087 790 superest
2129 731 2292 791 quam
2322 715 2371 776 si
2432 713 2433 756 ³

388 795 683 875 aliquando
707 797 778 856 de
799 806 860 856 te
883 808 1076 858 tacere
1103 796 1423 862 audeamus.
1464 796 1627 875 Age,
1657 799 1704 857 si
1730 796 1950 875 quando
1977 799 2160 875 pietas
2183 806 2372 859 nostra
2432 857 2433 884 ¹

394 881 671 941 silentium
698 882 846 959 rupit
877 890 934 940 et
962 880 1356 940 verecundiam
1383 890 1532 940 tuam
1558 882 1724 957 vicit,
1766 898 1910 958 quae
1944 880 2240 959 qualiaque
2279 889 2372 940 aut
2432 895 2433 922 ³

393 965 743 1026 decernimus
782 981 888 1026 nos
918 974 1010 1023 aut
1037 972 1096 1023 tu
1124 979 1236 1024 non
1264 963 1525 1025 recusas!
1574 972 1635 1022 ut
1671 971 1938 1042 appareat
1965 982 2077 1024 non
2107 965 2372 1043 superbia
2432 1037 2433 1042 ἵ

394 1059 452 1109 et
485 1048 705 1110 fastidio
728 1059 786 1109 te
817 1047 1191 1127 amplissimos
1218 1048 1464 1108 honores
1490 1047 1820 1126 repudiare,
1862 1048 1957 1125 qui
1986 1050 2230 1108 minores
2259 1064 2370 1108 non
2386 1045 2434 1109 lo'

394 1130 734 1210 dedigneris.
785 1131 1079 1193 Pulchrius
1107 1131 1254 1208 boc,
1287 1130 1514 1208 Caesar,
1548 1149 1712 1209 quam
1738 1133 1786 1190 si
1813 1149 2113 1192 recusares
2143 1149 2369 1191 omnes:

393 1235 517 1276 nam
543 1235 808 1276 recusare
839 1233 1035 1277 omnes
1065 1217 1412 1292 ambitionis,
1452 1214 1760 1276 moderatio
1793 1224 1883 1275 est
1911 1215 2128 1292 eligere
2158 1217 2373 1293 parcis-

396 1302 585 1361 simos,
648 1299 774 1372 Quo
803 1308 1244 1378 temperamento
1274 1309 1333 1360 et
1359 1300 1524 1360 nobis
1556 1308 1613 1358 et
1640 1300 1857 1358 aerario
1889 1297 2165 1360 consulis:
2203 1299 2371 1358 nobis

395 1383 653 1461 quidem,
696 1382 847 1461 quod
889 1386 1040 1444 omni
1078 1383 1292 1444 liberas
1333 1384 1676 1463 suspitione;
1719 1384 1934 1442 aerario
1962 1390 2177 1460 autem,
2219 1381 2373 1461 quod

395 1467 706 1545 sumptibus
736 1467 857 1527 eius
888 1466 1121 1527 adhibes
1153 1466 1413 1545 modum,
1456 1477 1516 1527 ut
1552 1468 1646 1546 qui
1680 1465 2009 1526 exhaustum
2038 1484 2150 1526 non
2177 1468 2256 1528 sis
2289 1468 2369 1525 in-
2388 1447 2434 1540 li

392 1552 712 1612 nocentium
738 1550 901 1613 bonis
928 1551 1268 1630 repleturus.
1332 1551 1489 1612 Stant
1516 1552 1687 1628 igitur
1715 1550 1940 1627 effigies
1967 1558 2095 1610 tuae
2112 1595 2132 1627 ,
2174 1549 2373 1628 quales

393 1633 526 1694 olim
564 1635 638 1694 ob
686 1636 919 1712 egregia
952 1637 1007 1696 in
1046 1653 1167 1695 rem
1208 1634 1489 1714 publicam
1528 1635 1724 1696 merita
1762 1636 1990 1713 privatis
2029 1633 2373 1712 dicabantur.

392 1718 659 1779 Visuntur
688 1718 884 1778 eadem
914 1737 948 1778 e
975 1721 1202 1779 materia
1234 1715 1493 1779 Caesaris
1523 1727 1736 1779 statuae
1766 1736 1874 1797 qua
1908 1718 2235 1794 Brutorum,
2265 1735 2374 1796 qua

396 1800 768 1863 Camillorum.
824 1800 949 1861 Nec
978 1802 1263 1881 discrepat
1298 1820 1480 1863 causa.
1538 1800 1629 1862 Illi
1660 1803 1805 1862 enim
1832 1821 2005 1879 reges
2034 1801 2373 1879 hostemque

393 1889 667 1948 victorem
689 1887 984 1948 moenibus
998 1885 1362 1966 depulerunt:
1384 1886 1476 1947 hic
1498 1896 1733 1965 regnum
1752 1888 1959 1966 ipsum,
1984 1903 2245 1964 quaeque
2267 1884 2374 1947 alia
2388 1887 2434 1955 Ἃ

395 1973 690 2050 captivitas
717 1974 915 2049 gignit,
947 1980 1103 2031 arcet
1123 1988 1191 2031 ac
1215 1979 1546 2048 summovet,
1582 1970 1903 2048 sedemque.
1922 1970 2140 2031 obtinet
2168 1970 2374 2050 princi·

394 2057 516 2134 pis,
546 2074 618 2114 ne
645 2059 717 2116 sit
747 2055 968 2115 domino
995 2055 1179 2116 locus.
1222 2055 1311 2115 Ac
1339 2055 1469 2115 mihi
1496 2057 1730 2115 intuenti
1759 2055 2087 2133 sapientiam
2107 2063 2257 2117 tuam
2275 2055 2375 2113 mi·

394 2157 499 2199 nus
530 2141 725 2198 mirum
752 2138 975 2200 videtur
1003 2139 1155 2218 quod
1181 2138 1447 2201 mortales
1488 2140 1633 2199 istos
1663 2138 2022 2218 caducosque
2059 2135 2254 2198 titulos
2283 2144 2378 2197 aut

396 2221 724 2300 depreceris
763 2232 855 2282 aut
894 2233 1200 2302 temperes.
1271 2223 1397 2283 Scis
1441 2224 1588 2283 enim
1623 2222 1718 2283 ubi
1747 2240 1884 2285 vera
1918 2223 2224 2301 principis,
2279 2221 2376 2281 ubi

396 2308 735 2382 sempiterna
757 2309 828 2366 sit
843 2306 1041 2384 gloria,
1070 2307 1166 2366 ubi
1187 2308 1296 2367 sint
1325 2306 1570 2366 honores
1593 2307 1649 2365 in
1678 2323 1821 2385 quos
1848 2305 1986 2366 nibil
2010 2305 2267 2382 flammis,
2295 2306 2375 2364 ni-

396 2387 473 2447 hil
516 2392 829 2466 senectuti,
871 2390 1004 2450 nihil
1047 2391 1485 2452 successoribus
1529 2390 1716 2451 liceat.
1778 2388 2143 2451 Arcusenim
2173 2399 2234 2450 et
2296 2397 2376 2450 ta·

394 2479 549 2548 tuas,
579 2490 701 2532 aras
734 2475 897 2533 etiam
929 2474 1248 2552 templaque
1281 2473 1576 2535 demolitur
1607 2482 1666 2534 et
1695 2474 1962 2534 obscurat
1992 2472 2237 2550 oblivio,
2358 2498 2378 2517 ·

394 2556 577 2633 glegit
620 2559 907 2635 carpitque
948 2561 1279 2635 posteritas:
1335 2568 1529 2629 contra
1576 2566 1931 2637 contemptor
1964 2558 2283 2619 ambitionis
2322 2564 2381 2615 et

392 2641 640 2701 infinitae⁴
679 2642 974 2720 potestatis
1017 2640 1255 2701 domitor
1292 2659 1359 2700 ac
1394 2642 1643 2702 frenator
1681 2643 1895 2702 animus
1935 2642 2061 2719 ipsa
2094 2649 2379 2702 vetustate

395 2725 675 2801 florescit,
706 2744 815 2786 nec
848 2726 918 2785 ab
948 2725 1077 2786 ullis
1106 2726 1285 2802 magis
1315 2723 1568 2787 laudatur
1596 2742 1759 2804 quam
1789 2724 1992 2804 quibus
2022 2726 2250 2785 minime
2279 2742 2379 2784 ne·

396 2827 567 2870 cesse
593 2820 702 2870 est.
736 2808 1069 2871 Praeterea
1086 2810 1432 2886 utquisque
1455 2810 1667 2888 factus
1690 2818 1780 2870 est
1802 2810 2125 2887 princeps,-
2146 2817 2381 2870 extem-
2432 2812 2433 2827 ¹

389 2895 488 2965 plo
523 2893 697 2970 fama
737 2894 900 2969 eiua,
939 2895 1237 2954 incertum
1278 2894 1434 2954 bona
1471 2912 1554 2954 an
1582 2894 1778 2969 mala,
1826 2898 2093 2957 ceterum
2121 2898 2385 2953 aeterna
2432 2924 2433 2957 1

396 2983 502 3038 eat.
552 2975 677 3035 Non
709 2994 849 3053 ergo
891 2988 1165 3056 perpetua
1205 2977 1444 3055 principi
1489 2975 1663 3053 fama,
1715 2994 1859 3054 quae
1900 2976 2130 3036 invitum
2164 2982 2383 3050 manet,

398 3055 502 3121 sed
542 3058 687 3118 bona
716 3059 1169 3139 concupiscenda
1203 3068 1319 3120 est:
1369 3078 1436 3119 ea
1465 3077 1637 3139 porro
1665 3076 1777 3121 non
1802 3059 2138 3137 'imaginibus
2173 3067 2235 3120 et
2267 3068 2386 3120 sta·
2432 3104 2433 3113 κ

398 3139 505 3196 tuis
549 3140 652 3200 sed
698 3145 912 3203 virtute-
953 3161 1019 3203 ac
1065 3145 1282 3217 meritis
1331 3153 1682 3222 prorogatur.
1764 3142 1913 3216 Quin
1954 3145 2119 3209 etiam
2156 3140 2434 3207 leviora&

397 3218 574 3295 haec,
624 3222 856 3284 formam
904 3228 1172 3305 principis
1215 3227 1592 3306 figuramque,
1644 3243 1759 3288 non
1799 3245 1990 3287 aurum
2036 3224 2243 3288 melius
2289 3224 2387 3285 vel

365 3335 370 3340 -
399 3310 690 3374 argentum
732 3324 893 3382 quam
936 3308 1094 3368 favor
1144 3309 1423 3370 hominum
1477 3313 1748 3390 exprimat
1797 3302 2121 3389 ten'eatque.
2215 3308 2391 3382 Quod

404 3381 626 3459 quidem
664 3386 887 3464 prolixe
928 3392 1029 3451 tibi
1074 3393 1461 3473 cumulateque
1505 3396 1810 3474 contingit,
1873 3396 2030 3456 cuius
2072 3391 2391 3455 laetissima
