<?xml version="1.0" encoding="UTF-8"?>
<!DOCTYPE html PUBLIC "-//W3C//DTD XHTML 1.0 Transitional//EN"
    "http://www.w3.org/TR/xhtml1/DTD/xhtml1-transitional.dtd">
<html xmlns="http://www.w3.org/1999/xhtml" xml:lang="en" lang="en">
 <head>
  <title>
</title>
<meta http-equiv="Content-Type" content="text/html;charset=utf-8" />
  <meta name='ocr-system' content='tesseract 3.04.00' />
  <meta name='ocr-capabilities' content='ocr_page ocr_carea ocr_par ocr_line ocrx_word'/>
</head>
<body>
  <div class='ocr_page' id='page_1' title='image "./cplinicaecilise00unkngoog_0091.png"; bbox 0 0 2467 3850; ppageno 0'>
   <div class='ocr_carea' id='block_1_1' title="bbox 28 23 2139 256">
    <p class='ocr_par' dir='ltr' id='par_1_1' title="bbox 28 23 2139 256">
     <span class='ocr_line' id='line_1_1' title="bbox 1712 23 1822 100; baseline -0.027 0"><span class='ocrx_word' id='word_1_1' title='bbox 1712 23 1822 100; x_wconf 57' lang='lat' dir='ltr'><strong>lx&amp;</strong></span> 
     </span>
     <span class='ocr_line' id='line_1_2' title="bbox 28 27 2139 256; baseline 0.005 -49"><span class='ocrx_word' id='word_1_2' title='bbox 28 157 36 256; x_wconf 64' lang='grc' dir='ltr'>Ι</span> <span class='ocrx_word' id='word_1_3' title='bbox 691 147 1211 213; x_wconf 76' lang='lat' dir='ltr'>EPISTULARUM</span> <span class='ocrx_word' id='word_1_4' title='bbox 1242 150 1342 212; x_wconf 93' lang='lat'><strong>111.</strong></span> <span class='ocrx_word' id='word_1_5' title='bbox 1385 160 1471 216; x_wconf 84' lang='lat'><strong>20.</strong></span> <span class='ocrx_word' id='word_1_6' title='bbox 1503 161 1589 216; x_wconf 79' lang='lat'><strong>21.</strong></span> <span class='ocrx_word' id='word_1_7' title='bbox 1679 27 1716 111; x_wconf 44' lang='grc' dir='ltr'>Χ</span> <span class='ocrx_word' id='word_1_8' title='bbox 2056 152 2139 217; x_wconf 84' lang='grc'><strong>65</strong></span> 
     </span>
    </p>
   </div>
   <div class='ocr_carea' id='block_1_2' title="bbox 27 304 2221 805">
    <p class='ocr_par' dir='ltr' id='par_1_2' title="bbox 27 304 2221 805">
     <span class='ocr_line' id='line_1_3' title="bbox 143 304 2135 384; baseline 0 -19"><span class='ocrx_word' id='word_1_9' title='bbox 143 304 352 384; x_wconf 87' lang='lat' dir='ltr'><strong>aliquid</strong></span> <span class='ocrx_word' id='word_1_10' title='bbox 382 323 497 365; x_wconf 80' lang='lat' dir='ltr'><strong>non</strong></span> <span class='ocrx_word' id='word_1_11' title='bbox 538 304 745 365; x_wconf 86' lang='lat' dir='ltr'>humile</span> <span class='ocrx_word' id='word_1_12' title='bbox 784 325 895 366; x_wconf 87' lang='lat' dir='ltr'><strong>nec</strong></span> <span class='ocrx_word' id='word_1_13' title='bbox 938 305 1219 367; x_wconf 86' lang='lat' dir='ltr'><strong>sordidum</strong></span> <span class='ocrx_word' id='word_1_14' title='bbox 1248 324 1357 366; x_wconf 91' lang='lat' dir='ltr'><strong>nec</strong></span> <span class='ocrx_word' id='word_1_15' title='bbox 1385 305 1616 384; x_wconf 85' lang='lat' dir='ltr'><strong>privatis</strong></span> <span class='ocrx_word' id='word_1_16' title='bbox 1644 304 1816 365; x_wconf 91' lang='lat' dir='ltr'><strong>rebus</strong></span> <span class='ocrx_word' id='word_1_17' title='bbox 1842 304 2135 367; x_wconf 90' lang='lat' dir='ltr'><strong>inclusum.</strong></span> 
     </span>
     <span class='ocr_line' id='line_1_4' title="bbox 29 388 2221 468; baseline 0.004 -21"><span class='ocrx_word' id='word_1_18' title='bbox 29 425 30 430; x_wconf 22' lang='grc' dir='ltr'><strong>κ</strong></span> <span class='ocrx_word' id='word_1_19' title='bbox 145 390 283 449; x_wconf 89' lang='lat' dir='ltr'><strong>Sunt</strong></span> <span class='ocrx_word' id='word_1_20' title='bbox 312 388 543 467; x_wconf 90' lang='lat' dir='ltr'><strong>quidem</strong></span> <span class='ocrx_word' id='word_1_21' title='bbox 585 398 786 449; x_wconf 89' lang='lat' dir='ltr'><strong>cuncta</strong></span> <span class='ocrx_word' id='word_1_22' title='bbox 815 390 919 449; x_wconf 91' lang='lat' dir='ltr'><strong>sub</strong></span> <span class='ocrx_word' id='word_1_23' title='bbox 949 394 1111 450; x_wconf 88' lang='lat' dir='ltr'><strong>unius</strong></span> <span class='ocrx_word' id='word_1_24' title='bbox 1140 390 1401 466; x_wconf 84' lang='lat' dir='ltr'><strong>arbitrio,</strong></span> <span class='ocrx_word' id='word_1_25' title='bbox 1449 390 1543 468; x_wconf 92' lang='lat' dir='ltr'><strong>qui</strong></span> <span class='ocrx_word' id='word_1_26' title='bbox 1580 405 1687 467; x_wconf 92' lang='lat' dir='ltr'><strong>pro</strong></span> <span class='ocrx_word' id='word_1_27' title='bbox 1716 388 1952 449; x_wconf 89' lang='lat' dir='ltr'><strong>utilitate</strong></span> <span class='ocrx_word' id='word_1_28' title='bbox 1983 408 2133 450; x_wconf 92' lang='lat' dir='ltr'><strong>com·</strong></span> <span class='ocrx_word' id='word_1_29' title='bbox 2154 402 2221 455; x_wconf 75' lang='lat'><strong>12</strong></span> 
     </span>
     <span class='ocr_line' id='line_1_5' title="bbox 27 471 2137 562; baseline 0.001 -30"><span class='ocrx_word' id='word_1_30' title='bbox 27 523 30 562; x_wconf 28' lang='lat' dir='ltr'>t</span> <span class='ocrx_word' id='word_1_31' title='bbox 146 477 294 533; x_wconf 89' lang='lat' dir='ltr'><strong>muni</strong></span> <span class='ocrx_word' id='word_1_32' title='bbox 326 473 487 534; x_wconf 89' lang='lat' dir='ltr'><strong>solus</strong></span> <span class='ocrx_word' id='word_1_33' title='bbox 534 475 776 533; x_wconf 90' lang='lat' dir='ltr'><strong>omnium</strong></span> <span class='ocrx_word' id='word_1_34' title='bbox 808 492 971 533; x_wconf 89' lang='lat' dir='ltr'><strong>curas</strong></span> <span class='ocrx_word' id='word_1_35' title='bbox 1000 473 1344 551; x_wconf 76' lang='lat' dir='ltr'><strong>laboresque</strong></span> <span class='ocrx_word' id='word_1_36' title='bbox 1373 474 1658 551; x_wconf 89' lang='lat' dir='ltr'><strong>suscepit;</strong></span> <span class='ocrx_word' id='word_1_37' title='bbox 1702 471 1923 551; x_wconf 91' lang='lat' dir='ltr'><strong>quidam</strong></span> <span class='ocrx_word' id='word_1_38' title='bbox 1951 484 2137 534; x_wconf 90' lang='lat' dir='ltr'><strong>tamen</strong></span> 
     </span>
     <span class='ocr_line' id='line_1_6' title="bbox 148 554 2136 636; baseline -0.001 -19"><span class='ocrx_word' id='word_1_39' title='bbox 148 557 356 617; x_wconf 78' lang='lat' dir='ltr'><strong>salubri</strong></span> <span class='ocrx_word' id='word_1_40' title='bbox 400 564 845 635; x_wconf 87' lang='lat' dir='ltr'><strong>temperamento</strong></span> <span class='ocrx_word' id='word_1_41' title='bbox 886 557 957 617; x_wconf 90' lang='lat' dir='ltr'><strong>ad</strong></span> <span class='ocrx_word' id='word_1_42' title='bbox 993 576 1099 618; x_wconf 91' lang='lat' dir='ltr'><strong>nos</strong></span> <span class='ocrx_word' id='word_1_43' title='bbox 1142 574 1371 636; x_wconf 91' lang='lat' dir='ltr'><strong>quoque</strong></span> <span class='ocrx_word' id='word_1_44' title='bbox 1411 555 1569 616; x_wconf 85' lang='lat' dir='ltr'><strong>velut</strong></span> <span class='ocrx_word' id='word_1_45' title='bbox 1607 558 1710 615; x_wconf 82' lang='lat' dir='ltr'><strong>rivi</strong></span> <span class='ocrx_word' id='word_1_46' title='bbox 1752 574 1826 616; x_wconf 83' lang='lat' dir='ltr'><strong>ex</strong></span> <span class='ocrx_word' id='word_1_47' title='bbox 1854 554 1952 616; x_wconf 90' lang='lat' dir='ltr'><strong>illo</strong></span> <span class='ocrx_word' id='word_1_48' title='bbox 1981 557 2136 616; x_wconf 90' lang='lat' dir='ltr'><strong>beni-</strong></span> 
     </span>
     <span class='ocr_line' id='line_1_7' title="bbox 103 639 2138 720; baseline -0 -17"><span class='ocrx_word' id='word_1_49' title='bbox 103 644 419 718; x_wconf 72' lang='lat' dir='ltr'><strong>sgnissimo</strong></span> <span class='ocrx_word' id='word_1_50' title='bbox 461 641 617 701; x_wconf 82' lang='lat' dir='ltr'><strong>fonte</strong></span> <span class='ocrx_word' id='word_1_51' title='bbox 660 640 995 718; x_wconf 81' lang='lat' dir='ltr'><strong>decurrunt,</strong></span> <span class='ocrx_word' id='word_1_52' title='bbox 1039 658 1182 720; x_wconf 94' lang='lat' dir='ltr'><strong>quos</strong></span> <span class='ocrx_word' id='word_1_53' title='bbox 1224 651 1284 701; x_wconf 89' lang='lat' dir='ltr'><strong>et</strong></span> <span class='ocrx_word' id='word_1_54' title='bbox 1328 639 1548 701; x_wconf 88' lang='lat' dir='ltr'><strong>haurire</strong></span> <span class='ocrx_word' id='word_1_55' title='bbox 1589 641 1700 718; x_wconf 89' lang='lat' dir='ltr'><strong>ipsi</strong></span> <span class='ocrx_word' id='word_1_56' title='bbox 1728 650 1784 700; x_wconf 89' lang='lat' dir='ltr'><strong>et</strong></span> <span class='ocrx_word' id='word_1_57' title='bbox 1814 640 2138 703; x_wconf 77' lang='lat' dir='ltr'><strong>absentibus</strong></span> 
     </span>
     <span class='ocr_line' id='line_1_8' title="bbox 145 721 1727 805; baseline -0.001 -21"><span class='ocrx_word' id='word_1_58' title='bbox 145 728 338 785; x_wconf 90' lang='lat' dir='ltr'><strong>amicis</strong></span> <span class='ocrx_word' id='word_1_59' title='bbox 369 727 529 804; x_wconf 89' lang='lat' dir='ltr'><strong>quasi</strong></span> <span class='ocrx_word' id='word_1_60' title='bbox 555 727 867 786; x_wconf 87' lang='lat' dir='ltr'><strong>ministrare</strong></span> <span class='ocrx_word' id='word_1_61' title='bbox 897 721 1158 805; x_wconf 79' lang='lat' dir='ltr'><strong>epistulis</strong></span> <span class='ocrx_word' id='word_1_62' title='bbox 1186 742 1508 804; x_wconf 89' lang='lat' dir='ltr'><strong>possumus.</strong></span> <span class='ocrx_word' id='word_1_63' title='bbox 1566 722 1727 783; x_wconf 88' lang='lat' dir='ltr'><strong>Vale.</strong></span> 
     </span>
    </p>
   </div>
   <div class='ocr_carea' id='block_1_3' title="bbox 533 856 1737 1011">
    <p class='ocr_par' dir='ltr' id='par_1_3' title="bbox 533 856 1737 1011">
     <span class='ocr_line' id='line_1_9' title="bbox 615 856 1221 920; baseline -0.002 -24"><span class='ocrx_word' id='word_1_64' title='bbox 615 887 626 896; x_wconf 77' lang='lat'><strong>.</strong></span> <span class='ocrx_word' id='word_1_65' title='bbox 1068 856 1221 920; x_wconf 56' lang='lat' dir='ltr'><strong>XXI·</strong></span> 
     </span>
     <span class='ocr_line' id='line_1_10' title="bbox 533 955 1737 1011; baseline 0.001 -3"><span class='ocrx_word' id='word_1_66' title='bbox 533 957 584 1008; x_wconf 87' lang='lat' dir='ltr'><strong>C.</strong></span> <span class='ocrx_word' id='word_1_67' title='bbox 623 957 873 1011; x_wconf 82' lang='lat' dir='ltr'>PLINIUS</span> <span class='ocrx_word' id='word_1_68' title='bbox 910 959 1227 1010; x_wconf 81' lang='lat' dir='ltr'>CORNELIO</span> <span class='ocrx_word' id='word_1_69' title='bbox 1263 956 1490 1009; x_wconf 85' lang='lat' dir='ltr'>PRISCO</span> <span class='ocrx_word' id='word_1_70' title='bbox 1528 955 1646 1007; x_wconf 90' lang='lat' dir='ltr'><strong>SUO</strong></span> <span class='ocrx_word' id='word_1_71' title='bbox 1685 957 1737 1009; x_wconf 89' lang='lat' dir='ltr'><strong>S.</strong></span> 
     </span>
    </p>
   </div>
   <div class='ocr_carea' id='block_1_4' title="bbox 21 1059 2190 3585">
    <p class='ocr_par' dir='ltr' id='par_1_4' title="bbox 21 1059 2190 3585">
     <span class='ocr_line' id='line_1_11' title="bbox 80 1059 2186 1127; baseline 0.001 -9"><span class='ocrx_word' id='word_1_72' title='bbox 80 1067 133 1119; x_wconf 88' lang='lat'><strong>10</strong></span> <span class='ocrx_word' id='word_1_73' title='bbox 263 1061 451 1122; x_wconf 84' lang='lat' dir='ltr'><strong>Audio</strong></span> <span class='ocrx_word' id='word_1_74' title='bbox 480 1060 762 1122; x_wconf 88' lang='lat' dir='ltr'><strong>Valerium</strong></span> <span class='ocrx_word' id='word_1_75' title='bbox 791 1060 1098 1122; x_wconf 72' lang='lat' dir='ltr'><strong>Martialem</strong></span> <span class='ocrx_word' id='word_1_76' title='bbox 1125 1061 1450 1122; x_wconf 80' lang='lat' dir='ltr'><strong>decessisse</strong></span> <span class='ocrx_word' id='word_1_77' title='bbox 1474 1070 1531 1121; x_wconf 89' lang='lat' dir='ltr'><strong>et</strong></span> <span class='ocrx_word' id='word_1_78' title='bbox 1553 1059 1793 1120; x_wconf 85' lang='lat' dir='ltr'><strong>moleste</strong></span> <span class='ocrx_word' id='word_1_79' title='bbox 1816 1059 1960 1122; x_wconf 83' lang='lat' dir='ltr'><strong>fero.</strong></span> <span class='ocrx_word' id='word_1_80' title='bbox 2002 1059 2138 1121; x_wconf 82' lang='lat' dir='ltr'><strong>Erat</strong></span> <span class='ocrx_word' id='word_1_81' title='bbox 2157 1077 2186 1127; x_wconf 91' lang='lat'>1</span> 
     </span>
     <span class='ocr_line' id='line_1_12' title="bbox 146 1143 2137 1224; baseline -0.002 -18"><span class='ocrx_word' id='word_1_82' title='bbox 146 1147 313 1206; x_wconf 86' lang='lat' dir='ltr'><strong>bomo</strong></span> <span class='ocrx_word' id='word_1_83' title='bbox 351 1148 680 1224; x_wconf 81' lang='lat' dir='ltr'><strong>ingeniosus</strong></span> <span class='ocrx_word' id='word_1_84' title='bbox 719 1155 917 1205; x_wconf 89' lang='lat' dir='ltr'><strong>acutus</strong></span> <span class='ocrx_word' id='word_1_85' title='bbox 958 1164 1129 1222; x_wconf 86' lang='lat' dir='ltr'><strong>acer,</strong></span> <span class='ocrx_word' id='word_1_86' title='bbox 1177 1154 1235 1205; x_wconf 88' lang='lat' dir='ltr'><strong>et</strong></span> <span class='ocrx_word' id='word_1_87' title='bbox 1276 1147 1371 1223; x_wconf 92' lang='lat' dir='ltr'><strong>qui</strong></span> <span class='ocrx_word' id='word_1_88' title='bbox 1403 1144 1699 1224; x_wconf 89' lang='lat' dir='ltr'><strong>plurimum</strong></span> <span class='ocrx_word' id='word_1_89' title='bbox 1738 1146 1794 1204; x_wconf 91' lang='lat' dir='ltr'><strong>in</strong></span> <span class='ocrx_word' id='word_1_90' title='bbox 1834 1143 2137 1206; x_wconf 86' lang='lat' dir='ltr'><strong>scribendo</strong></span> 
     </span>
     <span class='ocr_line' id='line_1_13' title="bbox 146 1227 2190 1293; baseline 0 -2"><span class='ocrx_word' id='word_1_91' title='bbox 146 1240 202 1292; x_wconf 89' lang='lat' dir='ltr'><strong>et</strong></span> <span class='ocrx_word' id='word_1_92' title='bbox 231 1229 375 1290; x_wconf 86' lang='lat' dir='ltr'><strong>salis</strong></span> <span class='ocrx_word' id='word_1_93' title='bbox 403 1230 638 1290; x_wconf 87' lang='lat' dir='ltr'><strong>haberet</strong></span> <span class='ocrx_word' id='word_1_94' title='bbox 670 1240 727 1290; x_wconf 89' lang='lat' dir='ltr'><strong>et</strong></span> <span class='ocrx_word' id='word_1_95' title='bbox 758 1229 912 1289; x_wconf 87' lang='lat' dir='ltr'><strong>fellis</strong></span> <span class='ocrx_word' id='word_1_96' title='bbox 941 1247 1051 1289; x_wconf 88' lang='lat' dir='ltr'><strong>uec</strong></span> <span class='ocrx_word' id='word_1_97' title='bbox 1082 1229 1343 1289; x_wconf 90' lang='lat' dir='ltr'><strong>candoris</strong></span> <span class='ocrx_word' id='word_1_98' title='bbox 1370 1231 1569 1291; x_wconf 89' lang='lat' dir='ltr'><strong>minus.</strong></span> <span class='ocrx_word' id='word_1_99' title='bbox 1613 1227 1955 1289; x_wconf 80' lang='lat' dir='ltr'><strong>Prosecutus</strong></span> <span class='ocrx_word' id='word_1_100' title='bbox 1987 1246 2138 1289; x_wconf 81' lang='lat' dir='ltr'><strong>eram</strong></span> <span class='ocrx_word' id='word_1_101' title='bbox 2155 1242 2190 1293; x_wconf 79' lang='lat'><strong>2</strong></span> 
     </span>
     <span class='ocr_line' id='line_1_14' title="bbox 144 1312 2135 1389; baseline -0.002 -15"><span class='ocrx_word' id='word_1_102' title='bbox 144 1316 351 1374; x_wconf 84' lang='lat' dir='ltr'><strong>viatico</strong></span> <span class='ocrx_word' id='word_1_103' title='bbox 379 1313 771 1373; x_wconf 88' lang='lat' dir='ltr'><strong>secedentem:</strong></span> <span class='ocrx_word' id='word_1_104' title='bbox 795 1312 1059 1373; x_wconf 86' lang='lat' dir='ltr'><strong>dederam</strong></span> <span class='ocrx_word' id='word_1_105' title='bbox 1081 1313 1191 1373; x_wconf 87' lang='lat' dir='ltr'><strong>hoc</strong></span> <span class='ocrx_word' id='word_1_106' title='bbox 1214 1315 1512 1389; x_wconf 78' lang='lat' dir='ltr'><strong>amicitiae,</strong></span> <span class='ocrx_word' id='word_1_107' title='bbox 1536 1312 1797 1373; x_wconf 87' lang='lat' dir='ltr'><strong>dederam</strong></span> <span class='ocrx_word' id='word_1_108' title='bbox 1822 1315 1986 1373; x_wconf 88' lang='lat' dir='ltr'><strong>etiam</strong></span> <span class='ocrx_word' id='word_1_109' title='bbox 2007 1331 2135 1373; x_wconf 85' lang='lat' dir='ltr'><strong>ver-</strong></span> 
     </span>
     <span class='ocr_line' id='line_1_15' title="bbox 145 1396 2186 1476; baseline 0 -18"><span class='ocrx_word' id='word_1_110' title='bbox 145 1398 340 1458; x_wconf 87' lang='lat' dir='ltr'><strong>siculis</strong></span> <span class='ocrx_word' id='word_1_111' title='bbox 383 1414 529 1475; x_wconf 88' lang='lat' dir='ltr'><strong>quos</strong></span> <span class='ocrx_word' id='word_1_112' title='bbox 559 1396 631 1457; x_wconf 91' lang='lat' dir='ltr'><strong>de</strong></span> <span class='ocrx_word' id='word_1_113' title='bbox 659 1415 750 1458; x_wconf 91' lang='lat' dir='ltr'><strong>me</strong></span> <span class='ocrx_word' id='word_1_114' title='bbox 782 1399 1118 1476; x_wconf 86' lang='lat' dir='ltr'><strong>composuit.</strong></span> <span class='ocrx_word' id='word_1_115' title='bbox 1178 1396 1305 1457; x_wconf 85' lang='lat' dir='ltr'><strong>Fuit</strong></span> <span class='ocrx_word' id='word_1_116' title='bbox 1333 1399 1506 1457; x_wconf 87' lang='lat' dir='ltr'><strong>moris</strong></span> <span class='ocrx_word' id='word_1_117' title='bbox 1540 1399 1748 1476; x_wconf 86' lang='lat' dir='ltr'><strong>antiqui</strong></span> <span class='ocrx_word' id='word_1_118' title='bbox 1780 1414 1883 1457; x_wconf 93' lang='lat' dir='ltr'><strong>eos</strong></span> <span class='ocrx_word' id='word_1_119' title='bbox 1913 1399 2007 1475; x_wconf 91' lang='lat' dir='ltr'><strong>qui</strong></span> <span class='ocrx_word' id='word_1_120' title='bbox 2038 1396 2186 1459; x_wconf 81' lang='lat' dir='ltr'><strong>ve13</strong></span> 
     </span>
     <span class='ocr_line' id='line_1_16' title="bbox 77 1480 2138 1560; baseline -0 -18"><span class='ocrx_word' id='word_1_121' title='bbox 77 1492 131 1543; x_wconf 82' lang='lat'><strong>15</strong></span> <span class='ocrx_word' id='word_1_122' title='bbox 145 1480 494 1560; x_wconf 85' lang='lat' dir='ltr'><strong>singulorum</strong></span> <span class='ocrx_word' id='word_1_123' title='bbox 538 1480 735 1542; x_wconf 88' lang='lat' dir='ltr'><strong>laudes</strong></span> <span class='ocrx_word' id='word_1_124' title='bbox 773 1480 869 1540; x_wconf 85' lang='lat' dir='ltr'><strong>vel</strong></span> <span class='ocrx_word' id='word_1_125' title='bbox 914 1481 1133 1542; x_wconf 91' lang='lat' dir='ltr'><strong>urbium</strong></span> <span class='ocrx_word' id='word_1_126' title='bbox 1175 1483 1521 1559; x_wconf 85' lang='lat' dir='ltr'><strong>scripserant</strong></span> <span class='ocrx_word' id='word_1_127' title='bbox 1562 1491 1656 1541; x_wconf 89' lang='lat' dir='ltr'><strong>aut</strong></span> <span class='ocrx_word' id='word_1_128' title='bbox 1699 1481 2005 1541; x_wconf 87' lang='lat' dir='ltr'><strong>honoribus</strong></span> <span class='ocrx_word' id='word_1_129' title='bbox 2045 1490 2138 1541; x_wconf 89' lang='lat' dir='ltr'><strong>aut</strong></span> 
     </span>
     <span class='ocr_line' id='line_1_17' title="bbox 23 1563 2139 1647; baseline -0.002 -20"><span class='ocrx_word' id='word_1_130' title='bbox 23 1577 26 1604; x_wconf 69' lang='lat'>³</span> <span class='ocrx_word' id='word_1_131' title='bbox 144 1568 389 1647; x_wconf 89' lang='lat' dir='ltr'><strong>pecunia</strong></span> <span class='ocrx_word' id='word_1_132' title='bbox 433 1582 664 1634; x_wconf 88' lang='lat' dir='ltr'><strong>ornare;</strong></span> <span class='ocrx_word' id='word_1_133' title='bbox 706 1566 913 1625; x_wconf 89' lang='lat' dir='ltr'><strong>nostris</strong></span> <span class='ocrx_word' id='word_1_134' title='bbox 952 1582 1095 1624; x_wconf 86' lang='lat' dir='ltr'><strong>vero</strong></span> <span class='ocrx_word' id='word_1_135' title='bbox 1135 1564 1483 1643; x_wconf 86' lang='lat' dir='ltr'><strong>temporibus</strong></span> <span class='ocrx_word' id='word_1_136' title='bbox 1524 1573 1583 1623; x_wconf 90' lang='lat' dir='ltr'><strong>ut</strong></span> <span class='ocrx_word' id='word_1_137' title='bbox 1625 1563 1730 1624; x_wconf 88' lang='lat' dir='ltr'><strong>alia</strong></span> <span class='ocrx_word' id='word_1_138' title='bbox 1773 1567 2036 1643; x_wconf 88' lang='lat' dir='ltr'><strong>speciosa</strong></span> <span class='ocrx_word' id='word_1_139' title='bbox 2079 1573 2139 1624; x_wconf 93' lang='lat' dir='ltr'><strong>et</strong></span> 
     </span>
     <span class='ocr_line' id='line_1_18' title="bbox 144 1647 2136 1728; baseline -0.002 -18"><span class='ocrx_word' id='word_1_140' title='bbox 144 1652 380 1728; x_wconf 83' lang='lat' dir='ltr'><strong>egregia</strong></span> <span class='ocrx_word' id='word_1_141' title='bbox 407 1651 483 1709; x_wconf 88' lang='lat' dir='ltr'><strong>ita</strong></span> <span class='ocrx_word' id='word_1_142' title='bbox 510 1648 621 1709; x_wconf 90' lang='lat' dir='ltr'><strong>hoc</strong></span> <span class='ocrx_word' id='word_1_143' title='bbox 651 1651 707 1708; x_wconf 89' lang='lat' dir='ltr'><strong>in</strong></span> <span class='ocrx_word' id='word_1_144' title='bbox 740 1650 933 1728; x_wconf 90' lang='lat' dir='ltr'><strong>primis</strong></span> <span class='ocrx_word' id='word_1_145' title='bbox 963 1647 1228 1708; x_wconf 82' lang='lat' dir='ltr'><strong>exolevit.</strong></span> <span class='ocrx_word' id='word_1_146' title='bbox 1284 1647 1425 1708; x_wconf 88' lang='lat' dir='ltr'><strong>Nam</strong></span> <span class='ocrx_word' id='word_1_147' title='bbox 1454 1657 1751 1727; x_wconf 88' lang='lat' dir='ltr'><strong>postquam</strong></span> <span class='ocrx_word' id='word_1_148' title='bbox 1781 1648 2026 1709; x_wconf 91' lang='lat' dir='ltr'><strong>desimus</strong></span> <span class='ocrx_word' id='word_1_149' title='bbox 2056 1648 2136 1707; x_wconf 79' lang='lat' dir='ltr'><strong>fa·</strong></span> 
     </span>
     <span class='ocr_line' id='line_1_19' title="bbox 145 1730 2188 1811; baseline -0.001 -17"><span class='ocrx_word' id='word_1_150' title='bbox 145 1752 277 1794; x_wconf 88' lang='lat' dir='ltr'><strong>cere</strong></span> <span class='ocrx_word' id='word_1_151' title='bbox 307 1731 611 1810; x_wconf 84' lang='lat' dir='ltr'><strong>laudanda,</strong></span> <span class='ocrx_word' id='word_1_152' title='bbox 657 1732 865 1792; x_wconf 87' lang='lat' dir='ltr'><strong>laudari</strong></span> <span class='ocrx_word' id='word_1_153' title='bbox 897 1749 1125 1810; x_wconf 90' lang='lat' dir='ltr'><strong>quoque</strong></span> <span class='ocrx_word' id='word_1_154' title='bbox 1154 1734 1404 1809; x_wconf 87' lang='lat' dir='ltr'><strong>ineptum</strong></span> <span class='ocrx_word' id='word_1_155' title='bbox 1433 1740 1707 1809; x_wconf 77' lang='lat' dir='ltr'><strong>putamus,</strong></span> <span class='ocrx_word' id='word_1_156' title='bbox 1770 1730 2010 1805; x_wconf 83' lang='lat' dir='ltr'><strong>Quaeris</strong></span> <span class='ocrx_word' id='word_1_157' title='bbox 2040 1735 2134 1811; x_wconf 91' lang='lat' dir='ltr'><strong>qui</strong></span> <span class='ocrx_word' id='word_1_158' title='bbox 2152 1741 2188 1791; x_wconf 80' lang='lat'>4</span> 
     </span>
     <span class='ocr_line' id='line_1_20' title="bbox 143 1812 2138 1894; baseline -0.002 -16"><span class='ocrx_word' id='word_1_159' title='bbox 143 1820 252 1878; x_wconf 87' lang='lat' dir='ltr'><strong>sint</strong></span> <span class='ocrx_word' id='word_1_160' title='bbox 286 1817 554 1878; x_wconf 85' lang='lat' dir='ltr'><strong>versiculi</strong></span> <span class='ocrx_word' id='word_1_161' title='bbox 586 1817 785 1894; x_wconf 90' lang='lat' dir='ltr'><strong>quibus</strong></span> <span class='ocrx_word' id='word_1_162' title='bbox 825 1817 1059 1893; x_wconf 81' lang='lat' dir='ltr'><strong>gratiam</strong></span> <span class='ocrx_word' id='word_1_163' title='bbox 1088 1812 1322 1874; x_wconf 82' lang='lat' dir='ltr'><strong>rettuli?</strong></span> <span class='ocrx_word' id='word_1_164' title='bbox 1374 1814 1743 1875; x_wconf 85' lang='lat' dir='ltr'><strong>Remitterem</strong></span> <span class='ocrx_word' id='word_1_165' title='bbox 1771 1824 1829 1874; x_wconf 89' lang='lat' dir='ltr'><strong>te</strong></span> <span class='ocrx_word' id='word_1_166' title='bbox 1857 1815 1925 1875; x_wconf 89' lang='lat' dir='ltr'><strong>ad</strong></span> <span class='ocrx_word' id='word_1_167' title='bbox 1954 1817 2138 1892; x_wconf 89' lang='lat' dir='ltr'><strong>ipsum</strong></span> 
     </span>
     <span class='ocr_line' id='line_1_21' title="bbox 74 1898 2136 1980; baseline 0.001 -23"><span class='ocrx_word' id='word_1_168' title='bbox 74 1906 132 1959; x_wconf 74' lang='lat'><strong>20</strong></span> <span class='ocrx_word' id='word_1_169' title='bbox 145 1902 429 1977; x_wconf 83' lang='lat' dir='ltr'><strong>volumen,</strong></span> <span class='ocrx_word' id='word_1_170' title='bbox 454 1902 561 1961; x_wconf 89' lang='lat' dir='ltr'><strong>nisi</strong></span> <span class='ocrx_word' id='word_1_171' title='bbox 585 1899 855 1980; x_wconf 87' lang='lat' dir='ltr'><strong>quosdam</strong></span> <span class='ocrx_word' id='word_1_172' title='bbox 877 1909 1154 1973; x_wconf 80' lang='lat' dir='ltr'><strong>tenerem:</strong></span> <span class='ocrx_word' id='word_1_173' title='bbox 1186 1907 1266 1975; x_wconf 85' lang='lat' dir='ltr'><strong>tu,</strong></span> <span class='ocrx_word' id='word_1_174' title='bbox 1300 1900 1355 1959; x_wconf 64' lang='lat' dir='ltr'><strong>si.</strong></span> <span class='ocrx_word' id='word_1_175' title='bbox 1376 1898 1690 1979; x_wconf 85' lang='lat' dir='ltr'><strong>placuerint</strong></span> <span class='ocrx_word' id='word_1_176' title='bbox 1715 1899 1792 1973; x_wconf 87' lang='lat' dir='ltr'><strong>hi,</strong></span> <span class='ocrx_word' id='word_1_177' title='bbox 1825 1907 2050 1960; x_wconf 87' lang='lat' dir='ltr'><strong>ceteros</strong></span> <span class='ocrx_word' id='word_1_178' title='bbox 2080 1900 2136 1959; x_wconf 90' lang='lat' dir='ltr'><strong>in</strong></span> 
     </span>
     <span class='ocr_line' id='line_1_22' title="bbox 144 1981 2185 2065; baseline -0.001 -20"><span class='ocrx_word' id='word_1_179' title='bbox 144 1986 286 2047; x_wconf 91' lang='lat' dir='ltr'><strong>libro</strong></span> <span class='ocrx_word' id='word_1_180' title='bbox 318 1988 600 2065; x_wconf 86' lang='lat' dir='ltr'><strong>requires.</strong></span> <span class='ocrx_word' id='word_1_181' title='bbox 660 1984 999 2062; x_wconf 87' lang='lat' dir='ltr'><strong>Adloquitur</strong></span> <span class='ocrx_word' id='word_1_182' title='bbox 1035 1981 1282 2058; x_wconf 74' lang='lat' dir='ltr'><strong>Musam,</strong></span> <span class='ocrx_word' id='word_1_183' title='bbox 1329 1983 1552 2045; x_wconf 91' lang='lat' dir='ltr'><strong>mandat</strong></span> <span class='ocrx_word' id='word_1_184' title='bbox 1590 1991 1651 2042; x_wconf 89' lang='lat' dir='ltr'><strong>ut</strong></span> <span class='ocrx_word' id='word_1_185' title='bbox 1694 1983 1917 2043; x_wconf 90' lang='lat' dir='ltr'><strong>domum</strong></span> <span class='ocrx_word' id='word_1_186' title='bbox 1956 2000 2135 2043; x_wconf 88' lang='lat' dir='ltr'><strong>meam</strong></span> <span class='ocrx_word' id='word_1_187' title='bbox 2152 1991 2185 2042; x_wconf 88' lang='lat'>5</span> 
     </span>
     <span class='ocr_line' id='line_1_23' title="bbox 21 2032 1257 2149; baseline -0.003 -18"><span class='ocrx_word' id='word_1_188' title='bbox 21 2032 28 2131; x_wconf 54' lang='lat' dir='ltr'><strong>l</strong></span> <span class='ocrx_word' id='word_1_189' title='bbox 144 2069 395 2149; x_wconf 88' lang='lat' dir='ltr'><strong>Esquilis</strong></span> <span class='ocrx_word' id='word_1_190' title='bbox 426 2078 677 2149; x_wconf 84' lang='lat' dir='ltr'><strong>quaerat,</strong></span> <span class='ocrx_word' id='word_1_191' title='bbox 709 2068 874 2129; x_wconf 89' lang='lat' dir='ltr'><strong>adeat</strong></span> <span class='ocrx_word' id='word_1_192' title='bbox 901 2074 1257 2128; x_wconf 82' lang='lat' dir='ltr'><strong>reverenter:</strong></span> 
     </span>
     <span class='ocr_line' id='line_1_24' title="bbox 449 2151 1505 2230; baseline -0.003 -16"><span class='ocrx_word' id='word_1_193' title='bbox 449 2151 551 2214; x_wconf 85' lang='lat' dir='ltr'><strong>scd</strong></span> <span class='ocrx_word' id='word_1_194' title='bbox 580 2172 651 2213; x_wconf 91' lang='lat' dir='ltr'><strong>ue</strong></span> <span class='ocrx_word' id='word_1_195' title='bbox 683 2162 942 2230; x_wconf 88' lang='lat' dir='ltr'><strong>tempore</strong></span> <span class='ocrx_word' id='word_1_196' title='bbox 969 2168 1082 2212; x_wconf 86' lang='lat' dir='ltr'><strong>uon</strong></span> <span class='ocrx_word' id='word_1_197' title='bbox 1111 2162 1209 2212; x_wconf 89' lang='lat' dir='ltr'><strong>tuo</strong></span> <span class='ocrx_word' id='word_1_198' title='bbox 1242 2151 1505 2212; x_wconf 89' lang='lat' dir='ltr'><strong>disertam</strong></span> 
     </span>
     <span class='ocr_line' id='line_1_25' title="bbox 451 2235 1326 2316; baseline -0.001 -19"><span class='ocrx_word' id='word_1_199' title='bbox 451 2237 649 2316; x_wconf 88' lang='lat' dir='ltr'><strong>pulses</strong></span> <span class='ocrx_word' id='word_1_200' title='bbox 680 2237 832 2296; x_wconf 92' lang='lat' dir='ltr'><strong>ebria</strong></span> <span class='ocrx_word' id='word_1_201' title='bbox 861 2238 1076 2296; x_wconf 87' lang='lat' dir='ltr'><strong>ianuam</strong></span> <span class='ocrx_word' id='word_1_202' title='bbox 1104 2235 1326 2296; x_wconf 85' lang='lat' dir='ltr'><strong>videto:</strong></span> 
     </span>
     <span class='ocr_line' id='line_1_26' title="bbox 73 2319 1471 2396; baseline -0.004 -12"><span class='ocrx_word' id='word_1_203' title='bbox 73 2332 127 2384; x_wconf 77' lang='lat'><strong>25</strong></span> <span class='ocrx_word' id='word_1_204' title='bbox 445 2330 595 2382; x_wconf 87' lang='lat' dir='ltr'><strong>totos</strong></span> <span class='ocrx_word' id='word_1_205' title='bbox 625 2321 717 2380; x_wconf 88' lang='lat' dir='ltr'><strong>dat</strong></span> <span class='ocrx_word' id='word_1_206' title='bbox 744 2321 979 2380; x_wconf 86' lang='lat' dir='ltr'><strong>tetricae</strong></span> <span class='ocrx_word' id='word_1_207' title='bbox 1008 2319 1131 2380; x_wconf 90' lang='lat' dir='ltr'><strong>dies</strong></span> <span class='ocrx_word' id='word_1_208' title='bbox 1161 2319 1471 2396; x_wconf 85' lang='lat' dir='ltr'><strong>Minervae,</strong></span> 
     </span>
     <span class='ocr_line' id='line_1_27' title="bbox 448 2403 1574 2465; baseline -0.002 -1"><span class='ocrx_word' id='word_1_209' title='bbox 448 2404 578 2464; x_wconf 86' lang='lat' dir='ltr'><strong>dum</strong></span> <span class='ocrx_word' id='word_1_210' title='bbox 606 2414 826 2465; x_wconf 87' lang='lat' dir='ltr'><strong>centum</strong></span> <span class='ocrx_word' id='word_1_211' title='bbox 856 2403 1044 2465; x_wconf 87' lang='lat' dir='ltr'><strong>studet</strong></span> <span class='ocrx_word' id='word_1_212' title='bbox 1072 2404 1299 2463; x_wconf 89' lang='lat' dir='ltr'><strong>auribus</strong></span> <span class='ocrx_word' id='word_1_213' title='bbox 1329 2406 1574 2464; x_wconf 80' lang='lat' dir='ltr'><strong>virorum</strong></span> 
     </span>
     <span class='ocr_line' id='line_1_28' title="bbox 445 2486 1601 2567; baseline -0.001 -19"><span class='ocrx_word' id='word_1_214' title='bbox 445 2489 558 2548; x_wconf 86' lang='lat' dir='ltr'><strong>hoc</strong></span> <span class='ocrx_word' id='word_1_215' title='bbox 588 2487 740 2566; x_wconf 91' lang='lat' dir='ltr'><strong>quod</strong></span> <span class='ocrx_word' id='word_1_216' title='bbox 768 2486 994 2548; x_wconf 88' lang='lat' dir='ltr'><strong>saecula</strong></span> <span class='ocrx_word' id='word_1_217' title='bbox 1026 2491 1353 2567; x_wconf 87' lang='lat' dir='ltr'><strong>posterique</strong></span> <span class='ocrx_word' id='word_1_218' title='bbox 1382 2490 1601 2567; x_wconf 89' lang='lat' dir='ltr'><strong>possint</strong></span> 
     </span>
     <span class='ocr_line' id='line_1_29' title="bbox 380 2572 1551 2651; baseline -0.002 -19"><span class='ocrx_word' id='word_1_219' title='bbox 380 2578 385 2582; x_wconf 84' lang='grc'><strong>’</strong></span> <span class='ocrx_word' id='word_1_220' title='bbox 446 2574 676 2651; x_wconf 84' lang='lat' dir='ltr'><strong>Arpinis</strong></span> <span class='ocrx_word' id='word_1_221' title='bbox 709 2590 937 2651; x_wconf 91' lang='lat' dir='ltr'><strong>quoque</strong></span> <span class='ocrx_word' id='word_1_222' title='bbox 968 2589 1296 2649; x_wconf 88' lang='lat' dir='ltr'><strong>comparare</strong></span> <span class='ocrx_word' id='word_1_223' title='bbox 1315 2572 1551 2632; x_wconf 84' lang='lat' dir='ltr'><strong>chartis.</strong></span> 
     </span>
     <span class='ocr_line' id='line_1_30' title="bbox 448 2655 1363 2717; baseline 0 -1"><span class='ocrx_word' id='word_1_224' title='bbox 448 2674 607 2717; x_wconf 88' lang='lat' dir='ltr'><strong>seras</strong></span> <span class='ocrx_word' id='word_1_225' title='bbox 634 2658 807 2716; x_wconf 88' lang='lat' dir='ltr'><strong>tutior</strong></span> <span class='ocrx_word' id='word_1_226' title='bbox 832 2656 940 2715; x_wconf 89' lang='lat' dir='ltr'><strong>ibis</strong></span> <span class='ocrx_word' id='word_1_227' title='bbox 973 2655 1045 2715; x_wconf 90' lang='lat' dir='ltr'><strong>ad</strong></span> <span class='ocrx_word' id='word_1_228' title='bbox 1073 2655 1363 2716; x_wconf 89' lang='lat' dir='ltr'><strong>lucernas:</strong></span> 
     </span>
     <span class='ocr_line' id='line_1_31' title="bbox 72 2737 1628 2816; baseline -0.002 -16"><span class='ocrx_word' id='word_1_229' title='bbox 72 2755 128 2809; x_wconf 80' lang='lat'><strong>30</strong></span> <span class='ocrx_word' id='word_1_230' title='bbox 446 2739 590 2801; x_wconf 90' lang='lat' dir='ltr'><strong>haec</strong></span> <span class='ocrx_word' id='word_1_231' title='bbox 620 2740 757 2800; x_wconf 87' lang='lat' dir='ltr'><strong>hora</strong></span> <span class='ocrx_word' id='word_1_232' title='bbox 786 2747 875 2798; x_wconf 89' lang='lat' dir='ltr'><strong>est</strong></span> <span class='ocrx_word' id='word_1_233' title='bbox 903 2748 1028 2816; x_wconf 82' lang='lat' dir='ltr'><strong>tua,</strong></span> <span class='ocrx_word' id='word_1_234' title='bbox 1061 2758 1187 2799; x_wconf 89' lang='lat' dir='ltr'><strong>cum</strong></span> <span class='ocrx_word' id='word_1_235' title='bbox 1217 2740 1350 2799; x_wconf 84' lang='lat' dir='ltr'><strong>furit</strong></span> <span class='ocrx_word' id='word_1_236' title='bbox 1376 2737 1628 2814; x_wconf 73' lang='lat' dir='ltr'><strong>LyaeuS‚</strong></span> 
     </span>
     <span class='ocr_line' id='line_1_32' title="bbox 448 2822 1644 2901; baseline -0.003 -18"><span class='ocrx_word' id='word_1_237' title='bbox 448 2842 574 2884; x_wconf 93' lang='lat' dir='ltr'><strong>cum</strong></span> <span class='ocrx_word' id='word_1_238' title='bbox 600 2833 800 2901; x_wconf 86' lang='lat' dir='ltr'><strong>regnat</strong></span> <span class='ocrx_word' id='word_1_239' title='bbox 828 2841 989 2897; x_wconf 91' lang='lat' dir='ltr'><strong>rosa,</strong></span> <span class='ocrx_word' id='word_1_240' title='bbox 1022 2841 1147 2882; x_wconf 91' lang='lat' dir='ltr'><strong>cum</strong></span> <span class='ocrx_word' id='word_1_241' title='bbox 1177 2822 1399 2883; x_wconf 89' lang='lat' dir='ltr'><strong>madent</strong></span> <span class='ocrx_word' id='word_1_242' title='bbox 1431 2822 1644 2901; x_wconf 88' lang='lat' dir='ltr'><strong>capilli:</strong></span> 
     </span>
     <span class='ocr_line' id='line_1_33' title="bbox 443 2906 1524 2984; baseline -0.003 -16"><span class='ocrx_word' id='word_1_243' title='bbox 443 2917 576 2968; x_wconf 88' lang='lat' dir='ltr'><strong>tunc</strong></span> <span class='ocrx_word' id='word_1_244' title='bbox 604 2926 696 2967; x_wconf 91' lang='lat' dir='ltr'><strong>me</strong></span> <span class='ocrx_word' id='word_1_245' title='bbox 726 2906 820 2967; x_wconf 84' lang='lat' dir='ltr'><strong>vel</strong></span> <span class='ocrx_word' id='word_1_246' title='bbox 847 2907 1014 2984; x_wconf 81' lang='lat' dir='ltr'><strong>rigidi</strong></span> <span class='ocrx_word' id='word_1_247' title='bbox 1042 2906 1231 2984; x_wconf 83' lang='lat' dir='ltr'><strong>legant</strong></span> <span class='ocrx_word' id='word_1_248' title='bbox 1262 2906 1524 2966; x_wconf 87' lang='lat' dir='ltr'><strong>Catones.</strong></span> 
     </span>
     <span class='ocr_line' id='line_1_34' title="bbox 139 2986 2183 3070; baseline -0.002 -16"><span class='ocrx_word' id='word_1_249' title='bbox 139 2993 418 3055; x_wconf 72' lang='lat' dir='ltr'><strong>Meritone</strong></span> <span class='ocrx_word' id='word_1_250' title='bbox 448 3010 573 3052; x_wconf 89' lang='lat' dir='ltr'><strong>eum</strong></span> <span class='ocrx_word' id='word_1_251' title='bbox 608 2994 701 3070; x_wconf 90' lang='lat' dir='ltr'><strong>qui</strong></span> <span class='ocrx_word' id='word_1_252' title='bbox 731 2992 873 3052; x_wconf 88' lang='lat' dir='ltr'><strong>haec</strong></span> <span class='ocrx_word' id='word_1_253' title='bbox 902 2991 973 3050; x_wconf 90' lang='lat' dir='ltr'><strong>de</strong></span> <span class='ocrx_word' id='word_1_254' title='bbox 997 3009 1087 3050; x_wconf 91' lang='lat' dir='ltr'><strong>me</strong></span> <span class='ocrx_word' id='word_1_255' title='bbox 1111 2992 1339 3069; x_wconf 89' lang='lat' dir='ltr'><strong>scripsit</strong></span> <span class='ocrx_word' id='word_1_256' title='bbox 1364 3000 1421 3050; x_wconf 89' lang='lat' dir='ltr'><strong>et</strong></span> <span class='ocrx_word' id='word_1_257' title='bbox 1444 2998 1576 3049; x_wconf 91' lang='lat' dir='ltr'><strong>tunc</strong></span> <span class='ocrx_word' id='word_1_258' title='bbox 1599 2986 1781 3049; x_wconf 87' lang='lat' dir='ltr'><strong>dimisi</strong></span> <span class='ocrx_word' id='word_1_259' title='bbox 1799 2988 2132 3048; x_wconf 90' lang='lat' dir='ltr'><strong>amicissime</strong></span> <span class='ocrx_word' id='word_1_260' title='bbox 2148 2995 2183 3050; x_wconf 87' lang='grc'>6</span> 
     </span>
     <span class='ocr_line' id='line_1_35' title="bbox 21 3068 2134 3155; baseline -0.004 -17"><span class='ocrx_word' id='word_1_261' title='bbox 21 3130 30 3155; x_wconf 90' lang='grc'>,</span> <span class='ocrx_word' id='word_1_262' title='bbox 139 3087 195 3138; x_wconf 88' lang='lat' dir='ltr'><strong>et</strong></span> <span class='ocrx_word' id='word_1_263' title='bbox 235 3095 389 3138; x_wconf 89' lang='lat' dir='ltr'><strong>nuuc</strong></span> <span class='ocrx_word' id='word_1_264' title='bbox 430 3085 491 3135; x_wconf 88' lang='lat' dir='ltr'><strong>ut</strong></span> <span class='ocrx_word' id='word_1_265' title='bbox 533 3076 928 3136; x_wconf 87' lang='lat' dir='ltr'><strong>amicissimum</strong></span> <span class='ocrx_word' id='word_1_266' title='bbox 970 3073 1294 3135; x_wconf 88' lang='lat' dir='ltr'><strong>defunctum</strong></span> <span class='ocrx_word' id='word_1_267' title='bbox 1334 3091 1466 3133; x_wconf 90' lang='lat' dir='ltr'><strong>esse</strong></span> <span class='ocrx_word' id='word_1_268' title='bbox 1510 3068 1724 3132; x_wconf 81' lang='lat' dir='ltr'><strong>doleo?</strong></span> <span class='ocrx_word' id='word_1_269' title='bbox 1772 3070 1945 3131; x_wconf 89' lang='lat' dir='ltr'><strong>Dedit</strong></span> <span class='ocrx_word' id='word_1_270' title='bbox 1986 3071 2134 3131; x_wconf 90' lang='lat' dir='ltr'><strong>enim</strong></span> 
     </span>
     <span class='ocr_line' id='line_1_36' title="bbox 68 3155 2132 3240; baseline -0.004 -15"><span class='ocrx_word' id='word_1_271' title='bbox 68 3163 269 3226; x_wconf 78' lang='lat' dir='ltr'><strong>35mihi</strong></span> <span class='ocrx_word' id='word_1_272' title='bbox 301 3169 571 3240; x_wconf 80' lang='lat' dir='ltr'><strong>quantum</strong></span> <span class='ocrx_word' id='word_1_273' title='bbox 600 3161 891 3218; x_wconf 87' lang='lat' dir='ltr'><strong>maximum</strong></span> <span class='ocrx_word' id='word_1_274' title='bbox 921 3160 1131 3238; x_wconf 81' lang='lat' dir='ltr'><strong>potuit,</strong></span> <span class='ocrx_word' id='word_1_275' title='bbox 1177 3157 1404 3219; x_wconf 87' lang='lat' dir='ltr'><strong>daturus</strong></span> <span class='ocrx_word' id='word_1_276' title='bbox 1440 3155 1712 3236; x_wconf 83' lang='lat' dir='ltr'><strong>amplius,</strong></span> <span class='ocrx_word' id='word_1_277' title='bbox 1759 3157 1808 3215; x_wconf 89' lang='lat' dir='ltr'><strong>si</strong></span> <span class='ocrx_word' id='word_1_278' title='bbox 1835 3158 2132 3234; x_wconf 88' lang='lat' dir='ltr'><strong>potuisset.</strong></span> 
     </span>
     <span class='ocr_line' id='line_1_37' title="bbox 140 3238 2138 3321; baseline -0.005 -16"><span class='ocrx_word' id='word_1_279' title='bbox 140 3245 388 3307; x_wconf 87' lang='lat' dir='ltr'><strong>Tametsi</strong></span> <span class='ocrx_word' id='word_1_280' title='bbox 433 3243 566 3321; x_wconf 89' lang='lat' dir='ltr'><strong>quid</strong></span> <span class='ocrx_word' id='word_1_281' title='bbox 597 3244 803 3303; x_wconf 90' lang='lat' dir='ltr'><strong>homini</strong></span> <span class='ocrx_word' id='word_1_282' title='bbox 831 3251 1021 3321; x_wconf 89' lang='lat' dir='ltr'><strong>potest</strong></span> <span class='ocrx_word' id='word_1_283' title='bbox 1061 3241 1179 3301; x_wconf 84' lang='lat' dir='ltr'><strong>dari</strong></span> <span class='ocrx_word' id='word_1_284' title='bbox 1216 3243 1392 3301; x_wconf 89' lang='lat' dir='ltr'><strong>maius</strong></span> <span class='ocrx_word' id='word_1_285' title='bbox 1439 3258 1600 3319; x_wconf 91' lang='lat' dir='ltr'><strong>quam</strong></span> <span class='ocrx_word' id='word_1_286' title='bbox 1633 3240 1813 3318; x_wconf 84' lang='lat' dir='ltr'><strong>gloria</strong></span> <span class='ocrx_word' id='word_1_287' title='bbox 1843 3247 1901 3298; x_wconf 90' lang='lat' dir='ltr'><strong>et</strong></span> <span class='ocrx_word' id='word_1_288' title='bbox 1930 3238 2050 3299; x_wconf 90' lang='lat' dir='ltr'><strong>laus</strong></span> <span class='ocrx_word' id='word_1_289' title='bbox 2079 3246 2138 3297; x_wconf 89' lang='lat' dir='ltr'><strong>et</strong></span> 
     </span>
     <span class='ocr_line' id='line_1_38' title="bbox 140 3322 2135 3403; baseline -0.005 -13"><span class='ocrx_word' id='word_1_290' title='bbox 140 3331 442 3390; x_wconf 88' lang='lat' dir='ltr'><strong>aeternitas</strong></span> <span class='ocrx_word' id='word_1_291' title='bbox 455 3324 485 3386; x_wconf 71' lang='grc' dir='ltr'><strong>’ἶ</strong></span> <span class='ocrx_word' id='word_1_292' title='bbox 525 3326 615 3387; x_wconf 84' lang='lat' dir='ltr'><strong>Ad</strong></span> <span class='ocrx_word' id='word_1_293' title='bbox 643 3345 756 3388; x_wconf 87' lang='lat' dir='ltr'><strong>non</strong></span> <span class='ocrx_word' id='word_1_294' title='bbox 786 3335 948 3386; x_wconf 88' lang='lat' dir='ltr'><strong>erunt</strong></span> <span class='ocrx_word' id='word_1_295' title='bbox 974 3334 1202 3386; x_wconf 89' lang='lat' dir='ltr'><strong>aeterna</strong></span> <span class='ocrx_word' id='word_1_296' title='bbox 1232 3343 1379 3403; x_wconf 85' lang='lat' dir='ltr'><strong>quae</strong></span> <span class='ocrx_word' id='word_1_297' title='bbox 1409 3326 1663 3403; x_wconf 89' lang='lat' dir='ltr'><strong>scripsit:</strong></span> <span class='ocrx_word' id='word_1_298' title='bbox 1692 3341 1804 3383; x_wconf 90' lang='lat' dir='ltr'><strong>non</strong></span> <span class='ocrx_word' id='word_1_299' title='bbox 1836 3331 1996 3383; x_wconf 88' lang='lat' dir='ltr'><strong>erunt</strong></span> <span class='ocrx_word' id='word_1_300' title='bbox 2023 3322 2135 3381; x_wconf 90' lang='lat' dir='ltr'><strong>for·</strong></span> 
     </span>
     <span class='ocr_line' id='line_1_39' title="bbox 21 3404 1911 3585; baseline -0.006 -109"><span class='ocrx_word' id='word_1_301' title='bbox 21 3484 26 3585; x_wconf 20' lang='lat'><em>⁸</em></span> <span class='ocrx_word' id='word_1_302' title='bbox 139 3423 315 3491; x_wconf 83' lang='lat' dir='ltr'><strong>tasse,</strong></span> <span class='ocrx_word' id='word_1_303' title='bbox 349 3411 449 3472; x_wconf 90' lang='lat' dir='ltr'><strong>ille</strong></span> <span class='ocrx_word' id='word_1_304' title='bbox 481 3420 666 3473; x_wconf 84' lang='lat' dir='ltr'><strong>tamen</strong></span> <span class='ocrx_word' id='word_1_305' title='bbox 696 3411 928 3489; x_wconf 88' lang='lat' dir='ltr'><strong>scripsit</strong></span> <span class='ocrx_word' id='word_1_306' title='bbox 955 3417 1231 3489; x_wconf 90' lang='lat' dir='ltr'><strong>tamquam</strong></span> <span class='ocrx_word' id='word_1_307' title='bbox 1262 3417 1457 3470; x_wconf 89' lang='lat' dir='ltr'><strong>essent</strong></span> <span class='ocrx_word' id='word_1_308' title='bbox 1487 3408 1687 3471; x_wconf 82' lang='lat' dir='ltr'><strong>futura.</strong></span> <span class='ocrx_word' id='word_1_309' title='bbox 1750 3404 1911 3551; x_wconf 72' lang='lat' dir='ltr'><strong>V5ale.</strong></span> 
     </span>
     <span class='ocr_line' id='line_1_40' title="bbox 217 3499 494 3557; baseline -0.014 0"><span class='ocrx_word' id='word_1_310' title='bbox 217 3503 366 3557; x_wconf 78' lang='lat' dir='ltr'><strong>Pum</strong></span> <span class='ocrx_word' id='word_1_311' title='bbox 394 3499 494 3555; x_wconf 79' lang='grc' dir='ltr'><strong>ΕΡ.</strong></span> 
     </span>
    </p>
   </div>
   <div class='ocr_carea' id='block_1_5' title="bbox 21 3610 24 3743">
    <p class='ocr_par' dir='ltr' id='par_1_5' title="bbox 21 3610 24 3743">
     <span class='ocr_line' id='line_1_41' title="bbox 21 3610 24 3743; baseline 0 0"><span class='ocrx_word' id='word_1_312' title='bbox 21 3610 24 3743; x_wconf 62' lang='lat' dir='ltr'><strong>l</strong></span> 
     </span>
    </p>
   </div>
  </div>
 </body>
</html>
