2467 3850
0 233 39 270 u
693 212 1213 275 EPISTULARUM
1239 213 1419 274 VIIII.
1467 162 1517 276 1.
1547 225 1600 276 2.
2049 213 2169 278 175

179 367 492 429 deformius
542 366 800 426 ‘amittere
854 384 1017 444 quam
1063 384 1176 426 non
1220 365 1459 443 adsequi
1501 365 1740 426 laudem.
1801 366 1959 426 Haec
1999 366 2169 427 velim
2187 375 2251 427 10

180 451 407 526 credas,
439 448 590 527 quod
614 450 772 508 initio
799 449 931 524 dixi,
961 451 1268 529 scripsisse
1294 468 1385 509 me
1414 449 1836 527 admonentem,
1866 469 1978 510 non
2006 467 2168 529 prae·

181 536 516 613 cipientem;
546 550 875 610 quamquam
902 535 1354 613 praecipientem·
1378 551 1626 612 quoque.
1673 533 1894 613 Quippe
1930 553 2041 594 non
2070 553 2169 594 ve-

179 636 315 678 reor
343 620 400 677 in
427 634 618 676 amore
649 635 723 675 ne
751 616 975 675 modum
1003 617 1389 678 excesserim.
1450 616 1653 695 Neque
1685 619 1829 676 enim
1857 618 2169 697 periculum

129 716 165 766 5
183 711 275 763 est
302 720 374 762 ne
406 704 481 763 sit
506 701 731 760 nimium
756 699 906 778 quod
928 719 1064 762 esse
1089 702 1385 760 maximum
1415 700 1607 765 dehet.
1666 700 1828 761 Vale.

0 608 43 633 r-

0 1069 21 1101 ν
97 1127 167 1180 10
616 1047 694 1128 o.
751 1044 968 1127 mm
1029 1046 1340 1128 cisum
1394 1043 1741 1127 suenum

416 1216 480 1330 E
562 1218 623 1328 P
703 1217 740 1327 l
828 1216 876 1328 S
954 1216 1018 1327 'l‘
1099 1214 1168 1330 U
1255 1215 1310 1326 1.
1395 1217 1461 1328 Α
1545 1217 1615 1330 R
1694 1216 1763 1351 U
1845 1216 1926 1330 M

938 1402 1130 1460 LIBER
1169 1403 1419 1461 NONUS.

0 1553 41 1603 ἥ
99 1549 167 1601 15
1154 1564 1198 1625 1.

727 1666 782 1716 G.
817 1664 1064 1718 PLINIUS
1100 1665 1358 1715 MAXIMO
1395 1665 1516 1718 SUO
1548 1665 1604 1718 S.

310 1785 500 1864 Saepe
542 1793 600 1845 te
645 1783 831 1842 monui
872 1793 933 1843 ut
959 1782 1138 1843 libros
1170 1799 1313 1862 quos
1339 1781 1432 1842 vel
1463 1798 1567 1861 pro
1600 1791 1657 1842 te
1688 1780 1781 1842 vel
1814 1783 1867 1841 in
1903 1782 2168 1861 Plantam,
2192 1802 2219 1852 1

187 1869 356 1930 immo
384 1880 444 1930 et
486 1876 673 1948 prote
704 1877 761 1928 et
791 1868 848 1926 in
874 1866 1028 1928 illum
1061 1867 1167 1945 (ita
1198 1868 1345 1926 enim
1371 1868 1603 1927 materia
1634 1865 1908 1945 cogebat)
1941 1883 2172 1945 compo·

98 1971 172 2024 20
189 1955 349 2014 suisti
374 1971 537 2030 quam
564 1951 934 2011 maturissime
964 1954 1282 2019 emitterem
1314 1951 1464 2028 quod
1488 1969 1635 2009 nunc
1657 1951 1966 2029 praecipue
1991 1962 2172 2011 morte

0 2074 43 2153 r
186 2040 312 2098 eius
341 2037 525 2097 audita
560 2046 616 2096 et
644 2034 842 2095 hortor
869 2043 927 2095 et
966 2051 1189 2096 mone0.
1254 2034 1519 2107 Quamvis
1561 2036 1707 2093 enim
1746 2034 1959 2110 legeris
1988 2034 2223 2099 multis2

185 2120 581 2198 legendosque
625 2118 872 2194 dederis,
903 2118 1036 2178 nolo
1066 2129 1252 2179 tamen
1280 2136 1614 2197 quemquam
1647 2119 1859 2197 opinari
1904 2117 2171 2178 defuncto

187 2205 409 2264 demum
443 2203 768 2279 inchoatos,
803 2219 946 2281 quos
984 2202 1249 2262 incolomi
1292 2220 1363 2262 eo
1399 2204 1693 2282 peregisti.
1759 2201 1926 2261 Salva
1970 2203 2043 2262 sit
2072 2202 2223 2266 tibi3

190 2288 537 2350 constantiae
567 2287 726 2347 fama.
772 2283 893 2345 Erit
920 2296 1124 2362 autem,
1155 2288 1203 2347 si
1229 2296 1421 2346 notum
1442 2288 1637 2365 aequis
1655 2288 1978 2364 iniquisque
2005 2286 2173 2347 fuerit

99 2381 304 2433 2511011
346 2382 477 2451 post
517 2371 723 2432 inimici
764 2379 999 2429 mortem
1040 2370 1322 2430 scribendi
1361 2370 1460 2429 tihi
1498 2380 1679 2431 natam
1721 2389 1854 2431 esse
1892 2370 2171 2446 fiduciam,

187 2457 293 2517 sed
322 2459 428 2516 iam
455 2464 700 2534 paratam
728 2454 1033 2514 editionem
1056 2464 1236 2513 morte
1264 2464 1652 2533 praeventam
1695 2463 1751 2513 et
1774 2454 1937 2514 simul
1969 2455 2170 2514 vitabis

186 2539 323 2599 illud
352 2531 473 2617 οὐχ
496 2530 643 2617 ὁσίη
669 2535 1119 2616 φθιμένοισιν.
1174 2536 1315 2597 Nam
1344 2537 1493 2615 quod
1524 2538 1595 2599 de
1635 2541 1861 2599 vivente
1902 2540 2218 2616 scriptum4

19 2664 49 2700 ,
188 2633 313 2701 est,
357 2626 412 2682 in
445 2622 769 2683 defunctum
799 2639 1060 2699 quoque,
1102 2631 1380 2699 tamquam
1409 2622 1694 2682 viventem
1726 2621 1941 2697 adhuc,
1966 2622 2171 2697 editur,

187 2709 237 2766 si
267 2706 452 2767 editur
480 2707 681 2766 statim.
719 2702 917 2782 Igitur,
942 2705 1143 2782 siquid
1170 2705 1319 2764 aliud
1346 2707 1403 2764 in
1424 2706 1697 2783 manibus,
1732 2707 1948 2764 interim
1981 2705 2171 2763 differ:

101 2791 299 2856 30hoc
328 2791 567 2871 perfice,
602 2788 753 2867 quod
780 2789 968 2865 nobis,
1001 2790 1096 2867 qui
1126 2783 1391 2866 legimus,
1425 2789 1557 2848 olim
1586 2788 1900 2850 absolutum
1932 2788 2168 2848 videtur.

186 2874 304 2936 Sed
333 2876 440 2934 iam
460 2872 715 2933 videatur
738 2882 796 2932 et
823 2872 945 2948 tibi,
979 2874 1135 2933 cuius
1161 2875 1576 2934 cunctationem
1606 2892 1716 2935 nec
1753 2890 1849 2933 res
1876 2873 2000 2951 ipsa
2024 2872 2170 2932 desi-

187 2958 345 3019 derat
368 2967 427 3018 et
447 2957 719 3036 temporis
741 2957 882 3017 ratio
909 2956 1199 3034 praecidit.
1244 2953 1405 3014 Vale.

1138 3088 1210 3148 ΙΙ.

0 3119 33 3252 r
103 3223 171 3275 35
763 3189 818 3241 c,
852 3189 1100 3240 PLINIUS
1130 3188 1360 3237 sAmNo
1391 3185 1508 3237 suo
1542 3187 1593 3237 s.

311 3293 476 3354 Facis
527 3293 768 3353 iucunde
811 3293 962 3372 quod
1000 3311 1110 3352 non
1152 3290 1332 3352 solum
1384 3289 1649 3370 plurimas
1704 3290 1977 3368 epistulas
2017 3305 2222 3353 meast

188 3395 385 3437 verum
416 3380 582 3437 etiam
608 3378 966 3454 longissimas
998 3376 1242 3452 flagitas3
1276 3376 1333 3433 in
1364 3375 1565 3452 quibus
1593 3375 1817 3453 parcior
1844 3375 1944 3447 fui,
1977 3377 2174 3451 partim

193 3464 321 3539 quia
360 3471 484 3521 tuas
515 3464 921 3541 occupationes
957 3459 1227 3537 verebar,
1276 3460 1470 3537 partim
1515 3460 1640 3537 quia
1680 3460 1805 3535 ipse
1835 3456 2062 3516 multum
2095 3455 2172 3514 di-
