2467 3850
330 158 453 223 218
920 156 983 216 G.
1028 155 1219 219 PLINI
1258 155 1355 218 ΕΤ
1398 155 1710 219 TRAIANI

330 311 514 371 donec
552 318 612 369 te
655 307 1012 370 consulerem
1055 308 1126 369 de
1176 326 1250 370 eo
1294 308 1444 388 quod
1487 309 1618 368 mibi
1658 310 2053 370 constitutione
2095 318 2189 369 tua
2229 309 2312 370 di-

327 412 498 538 gnlum
535 392 844 493 yidebatur.
916 391 1001 453 Ea
1041 410 1184 472 quae
1225 402 1354 454 sunt
1392 394 1666 470 utrimque
1707 395 1940 454 recitata
1976 393 2064 453 his
2104 392 2311 454 litteris

330 497 397 539 su
438 496 570 538 ieci.

533 626 848 679 EPISTOLA
878 626 1212 679 noMmAm
1242 629 1333 678 AD
1374 627 1745 691 TERENTIUM
1777 606 2101 678 MAXIMUM.
2328 656 2360 706 5

280 743 313 795 5
455 728 678 790 Flavius
718 729 1041 808 Archippus
1075 728 1449 809 philosophus
1495 730 1789 808 inpetravit
1831 747 1863 788 a
1902 746 1991 788 me
2023 737 2083 787 ut
2111 744 2310 805 agrum

331 815 387 875 ei
411 812 517 874 Dc
548 815 695 873 circa
722 812 1071 891 Prusiadem,
1112 815 1344 892 patriam
1368 831 1544 889 suam,
1575 816 1684 873 emi
1709 812 1994 888 iuberem,
2025 814 2187 871 cuius
2215 829 2308 870 re·

331 898 449 959 ditu
488 914 623 958 suos
654 896 807 958 alere
846 906 1063 976 posset.
1129 896 1298 970 Quod
1324 897 1380 958 ei
1410 898 1678 974 praestari
1704 894 1870 956 volo:
1910 912 2177 956 summam
2204 912 2306 955 ex·

330 998 562 1059 pensam
588 980 902 1042 liberalitati
930 998 1090 1041 meae
1119 980 1292 1041 feres.

746 1132 1026 1185 EIUSDEM
1061 1133 1151 1183 AD
1184 1133 1244 1183 L.
1283 1132 1519 1183 APPIUM
1556 1130 1885 1183 MAXIMUM.
2323 1078 2386 1130 1⁰

280 1251 315 1305 5
454 1233 800 1312 Archippum
827 1233 1245 1312 philosophum,
1276 1233 1481 1292 bonum
1507 1235 1685 1291 virum
1708 1241 1766 1292 et
1790 1231 2134 1309 professioni
2164 1247 2303 1290 suae

331 1318 497 1378 etiam
543 1317 788 1376 moribus
831 1316 1301 1395 respondentem,
1359 1317 1798 1376 commendatum
1846 1314 2053 1375 habeas
2104 1312 2301 1390 velim,

329 1403 402 1460 mi
422 1398 682 1477 Maxime,
714 1409 772 1460 et
792 1398 1017 1479 plenam
1036 1403 1092 1459 ei
1118 1400 1508 1461 humanitatem
1532 1410 1681 1460 tuam
1705 1407 1963 1480 praestes
1985 1399 2042 1458 in
2063 1400 2132 1459 iis
2155 1414 2301 1474 quae

328 1482 651 1545 verecunde
677 1501 710 1543 a
738 1490 796 1543 te
826 1483 1247 1544 desideraverit.
2321 1489 2381 1540 15

932 1635 1218 1687 EDICTUM
1251 1637 1388 1687 DIVI
1420 1637 1698 1687 NERVAE.

279 1751 310 1806 7
451 1733 736 1808 Quaedam
777 1736 901 1795 sine
951 1734 1154 1814 dubio,
1194 1736 1492 1836 Quirites,
1542 1739 1666 1816 ipsa
1707 1735 1949 1798 felicitas
1988 1745 2303 1814 temporum

328 1817 533 1897 edicit,
584 1837 693 1879 nec
729 1820 1073 1899 spectandus
1111 1829 1200 1879 est
1241 1823 1295 1879 in
1322 1823 1389 1880 iis
1418 1821 1599 1880 bonus
1629 1822 1893 1900 princeps
1923 1820 2123 1899 quibus
2149 1817 2302 1878 illum

326 1901 582 1980 intellegi
610 1905 742 1965 satis
773 1913 883 1982 est,
917 1920 1041 1963 cum
1071 1903 1182 1965 hoc
1211 1905 1320 1965 sibi
1349 1905 1551 1965 civium
1576 1922 1826 1966 meorum
1856 1904 2140 1984 spondere
2165 1919 2299 1982 pos·
2314 1910 2381 1964 20

330 1989 405 2047 sit
431 1988 526 2047 vel
555 2005 665 2049 non
698 1988 975 2050 admonita
1003 1990 1322 2066 persuasio,
1350 2006 1440 2048 me
1471 1991 1830 2050 securitatem
1857 1991 2095 2048 omnium
2125 1988 2300 2064 quieti

327 2088 487 2129 meae
526 2070 894 2149 praetulisse,
936 2082 996 2132 ut
1032 2082 1089 2132 et
1129 2090 1277 2132 nova
1307 2073 1579 2133 beneficia
1609 2073 1923 2134 conferrem
1960 2081 2018 2132 et
2045 2079 2175 2130 ante
2208 2087 2301 2129 me

275 2165 606 2218 Sconcessa
649 2173 950 2214 servarem.
1010 2152 1099 2214 Ne
1139 2164 1325 2215 tamen
1364 2153 1600 2234 aliquam
1630 2156 1843 2233 gaudiis
1870 2155 2114 2234 publicis
2144 2152 2301 2212 adfe-

327 2246 411 2295 rat
448 2235 872 2297 haesitationem
913 2237 1008 2297 vel
1050 2256 1246 2298 eorum
1289 2241 1383 2319 qui
1423 2243 1838 2319 inpetraverunt
1879 2239 2180 2299 diffidentia
2205 2235 2301 2296 vel

330 2321 451 2379 eius
491 2323 754 2379 memoria
803 2322 896 2399 qui
950 2325 1259 2398 praestitit,
1311 2325 1939 2400 necessarium'pariter
1976 2319 2191 2382 credidi
2232 2328 2380 2381 ac25

277 2413 311 2466 9
329 2400 535 2464 laetum
565 2403 783 2464 obviam
810 2403 1188 2467 dubitantibus
1217 2406 1615 2506 indulgentiam
1644 2424 1823 2466 meam
1850 2408 2090 2468 mittere
2148 2402 2301 2463 Nolo

328 2487 611 2547 existimet
649 2488 970 2566 quisquam,
1017 2490 1169 2567 quod
1205 2490 1317 2550 alio
1365 2492 1621 2569 principe
1658 2489 1754 2550 vel
1781 2492 2034 2567 privatim
2071 2486 2167 2546 vel
2199 2505 2301 2566 pu-

325 2569 476 2629 blice
513 2580 853 2632 consecutus
881 2574 980 2648 sit,
1009 2573 1138 2633 ideo
1170 2573 1370 2634 saltem
1394 2592 1429 2633 a
1454 2592 1545 2633 me
1569 2572 1839 2650 rescindi,
1870 2583 1931 2632 ut
1957 2573 2146 2652 potius
2170 2570 2303 2630 mihi

325 2652 545 2715 debeat.
614 2654 734 2715 Sint
773 2665 892 2715 rata
932 2667 990 2716 et
1031 2667 1217 2731 certa,
1272 2676 1381 2717 nec
1430 2657 1727 2757 gratulatio
1770 2656 1938 2717 ullius
1985 2656 2302 2716 instauratis

326 2747 496 2814 egeat
535 2740 803 2816 precibus
841 2758 1007 2817 quem
1049 2739 1267 2799 fortuna
1311 2742 1529 2818 imperii
1570 2740 1727 2802 vultu
1754 2740 1992 2799 meliore
2023 2739 2379 2815 respexit.3o

324 2820 417 2881 Me
455 2824 618 2882 novis
660 2822 950 2882 beneficiis
988 2841 1190 2882 vacare
1233 2825 1510 2901 patiantur
1544 2833 1604 2884 et
1643 2841 1712 2884 ea
1745 2823 1965 2883 demum
2003 2824 2184 2883 sciant
2209 2838 2302 2881 ro-

326 2903 504 2978 ganda
531 2923 661 2965 esse
691 2923 833 2983 quae
864 2924 977 2965 non
1009 2906 1235 2966 habent.

635 3054 943 3107 EPISTOLA
972 3054 1255 3106 ElusDEM
1289 3056 1378 3105 AD
1414 3055 1693 3106 TULLmM
1725 3054 1977 3108 IUSTUM.
2047 3035 2052 3040 ’

247 3160 313 3211 10
453 3146 591 3208 Cum
629 3169 815 3210 rerum
859 3155 1100 3214 omnium
1145 3154 1416 3214 ordinatio
1456 3172 1601 3232 quae
1643 3156 1925 3233 prioribus
1952 3152 2380 3231 temporibus&

328 3229 619 3292 inchoatae
674 3247 1086 3297 consummatae
1139 3247 1268 3298 sunt
1315 3238 1663 3300 observanda
1717 3241 1821 3317 sit,
1874 3248 1990 3299 tum
2039 3235 2301 3316 epistulis

329 3316 494 3372 etiam
520 3313 813 3376 Domitiani
842 3319 1094 3379 standum
1125 3329 1233 3381 est.
