2467 3850
34 712 37 825 Ι

777 178 1376 242 EPISTULARUMI
1418 190 1471 245 9
1502 194 1585 246 10.
2125 185 2167 247 9

186 340 300 411 tus,
324 351 527 394 verum
546 341 945 411 secretumque
965 341 1301 415 μουσεῖον,
1327 352 1490 414 quam
1504 333 1672 393 multa
1696 335 1978 413 invenitis,
2004 355 2165 414 quam

186 419 357 479 multa
387 419 638 479 dictatis!
682 414 925 479 Proinde
953 427 1011 477 tu
1041 436 1271 498 quoque
1304 422 1601 497 strepitum
1638 420 1804 479 istum
1834 421 2209 499 inanemque7

188 505 507 565 discursum
537 511 596 562 et
626 501 860 562 multum
887 503 1117 580 ineptos
1145 503 1407 581 labores,
1440 512 1501 563 ut
1534 505 1770 581 primum
1799 502 1969 564 fuerit
1997 522 2162 564 occa·

186 591 313 665 sio,
344 586 607 665 relinque
632 597 805 666 teque
839 586 1036 648 studiis
1067 587 1162 647 vel
1199 590 1318 648 otio
1346 587 1525 648 trade.
1568 588 1755 649 Satius
1790 596 1878 647 est
1908 591 2075 669 enim,
2105 599 2213 656 ute

143 634 397 732 5Atifius
422 681 625 731 noster
651 671 1034 732 eruditissime
1062 671 1229 733 simul
1264 680 1325 733 et
1345 671 1690 733 facetissime
1726 670 1884 751 dixit,
1923 635 2167 734 otiosum

186 773 323 817 esse
354 772 520 835 quam
547 754 685 815 nihil
711 772 908 833 agere.
967 754 1129 816 Vale.

590 987 643 1042 C.
681 988 930 1041 PLINIUS
961 890 1518 1041 ATTIOXCLEMENTI
1553 987 1673 1039 SUO
1711 986 1763 1041 S.

110 1104 172 1156 10
309 1090 375 1152 Si
408 1090 629 1169 quando
655 1090 790 1155 urbs
824 1101 1017 1152 nostra
1042 1091 1374 1154 liberalibus
1402 1088 1602 1152 studiis
1629 1089 1840 1167 floruit,
1873 1108 2021 1150 nunc
2045 1109 2157 1150 ma·
2179 1103 2206 1153 1

182 1178 334 1236 xime
378 1176 566 1235 floret.
629 1173 806 1236 Multa
845 1175 1111 1255 claraque
1146 1174 1408 1255 exempla
1448 1183 1608 1243 sunt;
1651 1175 1941 1236 sufficeret
1974 1187 2212 1252 unum,2

184 1259 505 1338 Euphrates
547 1258 945 1338 philosophus.
986 1259 1150 1321 Hunc
1194 1278 1309 1340 ego
1354 1263 1409 1319 in
1448 1259 1610 1335 Syria
1628 1304 1645 1334 ,
1679 1277 1806 1319 cum
1833 1258 2164 1320 adulescen—

185 1344 338 1404 tulus
362 1342 681 1419 militarem,
716 1344 943 1422 penitus
975 1354 1035 1405 et
1063 1345 1212 1405 domi
1242 1345 1464 1424 inspexi
1492 1345 1775 1422 amarique
1808 1343 1877 1402 ab
1908 1360 1980 1403 eo
2008 1343 2163 1403 labo-

183 1430 326 1505 ravi,
356 1429 467 1489 etsi
493 1444 609 1486 non
638 1436 759 1487 erat
793 1427 1173 1488 laborandum.
1232 1428 1339 1490 Est
1372 1429 1518 1488 enim
1547 1427 1747 1488 obvius
1776 1436 1837 1487 et
1865 1430 2162 1505 expositus

112 1533 171 1585 15
187 1511 505 1591 plenusque
539 1511 877 1572 humanitate
907 1529 1070 1591 quam
1101 1515 1401 1592 praecipit.
1459 1511 1650 1590 Atque
1679 1514 1885 1572 utinam
1919 1512 2002 1572 sic
2034 1511 2208 1588 ipse3

154 1638 160 1651 .
188 1614 354 1674 quam
380 1612 542 1673 spem
574 1604 706 1654 tunc
746 1595 845 1654 ille
879 1595 950 1656 de
976 1614 1066 1657 me
1096 1601 1365 1675 concepit
1399 1595 1782 1674 impleverim,
1812 1605 1873 1654 ut
1898 1594 1995 1655 ille
2025 1594 2162 1653 mul-

185 1689 302 1740 tum
330 1679 632 1739 virtutibus
672 1681 790 1739 suis
830 1679 1066 1740 addidit!
1117 1689 1213 1740 aut
1250 1697 1362 1758 ego
1400 1698 1547 1739 nunc
1587 1679 1712 1740 illas
1747 1681 1928 1756 magis
1966 1680 2160 1756 miror,

187 1765 319 1841 quia
350 1764 530 1840 magis
565 1761 858 1839 intellego.
931 1762 1275 1842 Quamquam
1304 1783 1376 1822 ne
1404 1781 1550 1822 nunc
1579 1761 1804 1840 quidem
1835 1764 1971 1822 satis
2000 1761 2164 1823 intel·

184 1846 343 1925 lego.
385 1846 459 1906 Ut
487 1848 634 1905 enim
662 1845 732 1905 de
767 1849 987 1926 pictore
1009 1847 1297 1927 scalptore
1319 1848 1515 1907 fictore
1537 1848 1646 1905 nisi
1668 1845 1866 1905 artifex
1886 1845 2153 1922 iudicare,
2173 1855 2210 1908 4

111 1934 262 2000 aoita
290 1933 403 1992 nisi
452 1933 681 2009 sapiens
722 1949 834 1991 non
877 1940 1071 2010 potest
1109 1934 1445 2011 perspicere
1484 1932 1813 2009 sapientem.
1878 1928 2205 2002 Quantum5

185 2026 371 2077 tamen
404 2014 536 2075 mihi
582 2033 817 2075 cernere
856 2015 1049 2093 datur,
1091 2015 1263 2076 multa
1307 2018 1360 2075 in
1391 2014 1680 2093 Euphrate
1720 2015 1805 2074 sic
1836 2015 2078 2074 eminent
2103 2023 2163 2074 et

186 2100 417 2159 elucent
459 2109 522 2159 ut
559 2098 921 2160 mediocriter
949 2117 1174 2180 quoque
1217 2101 1422 2160 doctos
1462 2100 1748 2159 advertant
1788 2107 1847 2158 et
1884 2097 2161 2157 adiiciant.

184 2184 451 2262 Disputat
501 2182 783 2245 subtiliter
833 2188 1079 2261 graviter
1123 2194 1350 2260 ornate,
1399 2184 1728 2262 frequenter
1769 2185 1935 2241 etiam
1977 2182 2161 2242 Plato-

184 2270 365 2328 nicam
392 2266 541 2327 illam
571 2267 971 2328 sublimitatem
993 2279 1052 2329 et
1075 2268 1421 2329 latitudinem
1445 2268 1684 2345 effingit.
1727 2266 1927 2326 Sermo
1951 2276 2041 2327 est
2064 2283 2161 2326 co-

110 2354 382 2430 25piosus
415 2360 473 2411 et
503 2354 712 2429 varius,
760 2350 943 2413 dulcis
985 2354 1040 2411 in
1070 2356 1287 2431 primis,
1318 2363 1376 2413 et
1415 2355 1511 2431 qui
1540 2353 1903 2429 repugnantis
1931 2368 2159 2430 quoque

186 2436 352 2495 ducat
389 2434 641 2513 inpellat.
691 2434 783 2494 Ad
810 2435 921 2496 hoc
944 2440 1259 2515 proceritas
1290 2438 1569 2514 corporis,
1603 2434 1808 2495 decora
1829 2435 2025 2511 facies,
2059 2434 2203 2499 de·6

183 2522 391 2581 missus
434 2518 709 2596 capillus,
761 2521 961 2597 ingens
1002 2530 1059 2581 et
1094 2540 1228 2581 cana
1252 2522 1447 2590 barha;
1500 2537 1643 2598 quae
1677 2518 1813 2578 licet
1846 2519 2070 2579 fortuita
2100 2528 2159 2578 et

185 2605 366 2663 inania
414 2609 711 2681 putentur,
752 2601 837 2663 illi
880 2612 1061 2665 tamen
1103 2604 1399 2683 plurimum
1431 2605 1810 2664 venerationis
1840 2603 2155 2680 adquirunt.

180 2686 384 2748 Nullus
416 2687 619 2746 horror
655 2689 712 2746 in
743 2687 937 2765 cultu,
978 2688 1129 2748 nulla
1157 2691 1402 2765 tristitia,
1432 2687 1664 2747 multum
1692 2688 2040 2747 severitatis:
2070 2693 2208 2750 ιιι-7

34 2819 37 2822 -
110 2772 435 2837 30verearis
480 2787 811 2846 occursum,
849 2789 963 2831 non
999 2772 1356 2833 reformides.
1413 2772 1576 2831 Vitae
1618 2772 1881 2831 sanctitas
1924 2786 2155 2847 summa,

34 2839 37 2904 ἰ

183 2858 417 2915 comitas
453 2869 584 2932 par:
628 2857 936 2915 insectatur
964 2858 1131 2933 vitia,
1172 2873 1285 2916 non
1322 2857 1610 2932 homines,
1652 2871 1762 2913 nec
1803 2855 2041 2931 castigat
2069 2871 2157 2912 er-

156 2925 370 2999 'rantes
408 2938 513 2998 sed
542 2940 819 2999 emendat.
880 2939 1147 3018 Sequaris
1186 2949 1505 3001 monentem
1538 2947 1781 2999 attentus
1812 2946 1871 2997 et
1905 2938 2160 3015 pendens
2203 2912 2272 2997 „J

183 3032 241 3082 et
272 3022 608 3101 persuaderi
639 3024 775 3100 tibi,
820 3025 986 3083 etiam
1015 3041 1140 3085 cum
1171 3026 1546 3101 persuaserit,
1593 3023 1810 3100 cupias.
1868 3020 1982 3080 Iam
2011 3032 2202 3086 ver08

181 3105 347 3167 liberi
388 3116 539 3182 tres,
586 3106 700 3166 duo
741 3124 958 3184 mares,
1012 3125 1159 3185 quos
1188 3106 1620 3183 diligentissime
1653 3107 1912 3166 instituit.
1978 3106 2161 3165 Socer

34 3195 35 3200 ’
106 3198 168 3253 35
180 3189 486 3268 Pompeius
517 3189 809 3268 Iulianus,
847 3209 973 3250 cum
1016 3201 1208 3251 cetera
1232 3192 1348 3249 vita
1377 3200 1492 3249 tum
1522 3188 1616 3248 vel
1646 3188 1756 3249 hoc
1785 3205 1895 3248 uno
1923 3205 2159 3266 mag-nus

34 3547 49 3804 ἱ

183 3284 243 3334 et
273 3274 481 3350 clarus,
514 3273 667 3353 quod
697 3277 825 3353 ipse
857 3276 1182 3354 provinciae
1206 3276 1495 3352 princeps,
1527 3274 1676 3332 inter
1702 3273 2001 3333 altissimas
2024 3290 2157 3331 con-

183 3357 448 3434 ditiones,
482 3377 757 3435 generum
778 3376 889 3418 non
920 3359 1230 3418 honoribus
1261 3359 1575 3435 principem
1601 3355 1705 3416 sed
1735 3358 2009 3433 sapientia
2036 3356 2155 3416 ele·

180 3443 284 3519 git.
325 3441 674 3520 Quamquam
698 3442 832 3521 quid
854 3460 967 3519 ego
989 3442 1148 3521 plura
1171 3441 1242 3502 de
1261 3443 1384 3500 viro
1413 3458 1527 3519 quo
1548 3440 1681 3499 mihi
1708 3439 1817 3498 frui
1838 3456 1951 3498 non
1976 3434 2151 3497 licet?
2166 3445 2200 3497 9
