2467 3850
839 175 1366 239 PANEGYRICUS
1404 188 1492 241 61.
1508 185 1601 242 62.
2078 178 2199 242 277

221 339 473 389 cteretur
503 328 896 407 collegamque
927 339 984 390 te
1006 348 1118 390 non
1146 332 1240 389 uni
1264 328 1435 390 daret.
1465 329 1718 408 Uterque
1742 348 1925 429 nuper
1948 331 2202 390 consula·

218 424 334 474 tum
361 413 596 472 alterum
623 422 914 490 gesserat
947 432 978 472 a
1006 425 1165 493 patre
1195 422 1317 490 tue,
1345 414 1403 473 id
1426 423 1516 473 est
1543 423 1746 492 quanto
1774 415 1953 474 minus
1984 432 2145 492 quam
2173 433 2205 473 a

216 507 280 557 te
299 495 519 556 datum!
551 499 840 574 utriusque
869 459 1049 557 adhuc
1079 496 1263 557 oeulis
1294 498 1464 574 paulo
1494 507 1620 557 ante
1650 497 1861 556 dimissi
1886 497 2074 556 fasces
2103 497 2204 557 ob-

218 581 509 657 errabant,
548 583 840 657 utriusque
870 580 1160 641 sollemnis
1189 580 1289 640 ille
1316 581 1579 640 lictorum
1616 590 1672 640 et
1701 583 2064 658 praenuntius
2095 580 2205 639 cla-

161 675 197 727 5
216 682 341 724 mor
366 665 592 724 auribus
621 663 940 740 insederat,
976 683 1101 732 cum
1130 683 1320 724 rursus
1353 664 1563 725 curulis
1589 682 1896 742 rursusque
1923 683 2203 743 purpura;

217 757 279 807 ut
304 747 642 825 ‚olim,‚cum
682 748 860 808 hostis
902 750 957 806 in
998 751 1254 825 proximo
1295 758 1354 808 et
1382 752 1435 808 in
1479 766 1750 809 summum
1784 748 2083 808 discrimen
2111 747 2204 807 ad-

217 832 383 891 ducta
424 850 518 891 res
559 830 787 910 publica
831 842 1124 910 expertum
1160 832 1467 892 honoribus
1514 834 1703 891 virum*
1732 842 2038 910 posceret,
2096 850 2208 891 non

218 914 541 977 consulatus
591 916 903 975 hominibus
957 916 1167 993 isdem,
1225 917 1329 976 sed
1392 916 1541 975 idem
1568 916 1843 977 'homines
1908 917 2205 976 consulati-

213 1000 324 1059 bus
366 998 767 1058 reddebant-ur.⁴
817 998 988 1059 Tanta
1026 1000 1125 1060 tibi
1166 1000 1315 1060 bene
1357 998 1599 1060 faciendi
1637 1001 1724 1059 vis
1767 1008 1828 1059 ut
1866 999 2208 1076 indulgentia

117 1085 199 1149 ‘10
222 1093 318 1150 tua
364 1085 738 1143 necessitates
778 1083 1103 1143 aemuletur.
1185 1082 1357 1143 Modo
1409 1091 1732 1163 praetextas
1779 1094 2074 1163 exuerant;
2116 1102 2206 1143 re-

151 1220 156 1225 .
215 1174 463 1226 sumant:
505 1168 672 1227 modo
715 1166 948 1226 lictores
973 1168 1146 1227 ⁴abire
1185 1168 1496 1237 iusserant;
1535 1175 1836 1227 revocent:
1881 1167 2048 1226 modo
2080 1185 2205 1244 gra-

63 1243 68 1253 ‘
213 1250 459 1310 tulantes
492 1252 654 1311 amici
695 1260 1051 1311 recesserant
1067 1264 1089 1320 ;·
1130 1261 1499 1311 revertantur.
1571 1249 1894 1311 Hominisne
1935 1251 2083 1314 istud
2125 1254 2205 1310 in-

193 1331 441 1411 genium
471 1344 590 1410 est,
633 1333 870 1393 hominis
913 1344 1201 1412 potestas,
1245 1333 1520 1396 renovare
1548 1335 1780 1412 gaudia,
1823 1335 2206 1412 redintegrare

211 1415 516 1497 laetitiam,
559 1417 763 1478 nullam
793 1419 1046 1495 requiem
1073 1418 1533 1494 gratulationibus
1563 1420 1729 1496 dare,
1771 1437 1957 1497 neque
1988 1418 2092 1478 alia
2115 1437 2207 1479 re·

123 1513 199 1567 15
218 1501 481 1581 petendis
531 1502 914 1567 consulatibus
942 1501 1260 1561 intervalla
1309 1505 1635 1581 permittere
1683 1505 1790 1563 nisi
1840 1503 1966 1561 dum
2015 1503 2206 1562 finiun-

213 1582 350 1645 tur?
396 1584 594 1646 Facias
635 1587 740 1644 ista
783 1601 1040 1662 semper,
1087 1603 1196 1644 nec
1229 1603 1490 1663 umquam
1529 1589 1583 1643 in
1622 1586 1732 1644 hoc
1762 1604 1938 1663 opere
1970 1595 2062 1646 aut
2093 1589 2207 1646 ani·

215 1688 342 1729 mus
372 1678 502 1730 tuus
532 1679 626 1736 aut
656 1667 876 1728 fortuna
908 1666 1171 1728 lassetur.
1214 1667 1336 1729 Des
1368 1685 1532 1745 quam
1558 1667 1811 1746 plurimis
1843 1672 2043 1730 tertios
2073 1688 2207 1729 con-

216 1752 465 1829 sulatus,
522 1764 579 1814 et
623 1772 748 1813 cum
787 1751 1039 1829 plurimis
1068 1754 1268 1811 tertios
1312 1750 1635 1811 consulatus
1668 1751 1926 1828 dederis,
1978 1772 2206 1831 semper

209 1846 399 1896 tamen
441 1836 635 1912 plures
678 1836 878 1915 quibus
914 1834 1125 1895 debeas
1170 1836 1302 1895 dare
1333 1837 1671 1912 supersint.
1699 1834 1951 1894 Omnium
1982 1835 2205 1913 quidem
2226 1829 2308 1892 62

96 1932 196 1985 -20
218 1921 625 1981 beneficiorum
656 1939 799 1999 quae
828 1920 1169 1980 merentibus
1198 1920 1509 1980 tribuuntur
1536 1936 1650 1979 non
1680 1918 1786 1978 ad’
1771 1936 1937 2002 ipsos
1951 1917 2209 1995 gaudium

97 2059 112 2066 -
212 2007 397 2063 maius
427 2022 589 2083 quam
619 2004 687 2062 ad
729 2003 940 2063 similes
982 2004 1285 2064 redundat:
1331 2005 1640 2083 praecipue
1673 2012 1858 2062 tamen
1901 2020 1974 2061 ex
2011 2002 2207 2061 borum

214 2085 514 2146 consulatu
544 2103 656 2145 non
685 2087 754 2145 ad
779 2096 994 2166 partem
1024 2087 1264 2166 aliquam
1297 2096 1560 2163 senatuS,
1604 2085 1707 2147 sed
1741 2085 1810 2147 ad
1839 2094 2015 2145 totum
2045 2105 2206 2145 sena-

210 2181 333 2231 tum
371 2178 518 2230 tanta
558 2171 768 2230 laetitia
806 2173 1066 2249 pervenit
1107 2180 1167 2231 ut
1209 2171 1451 2231 eundem
1489 2171 1759 2230 honorem
1788 2187 1983 2229 omnes
2012 2171 2117 2229 sibi
2149 2179 2208 2230 et

135 2258 140 2261 ’
217 2249 451 2315 dedisse
481 2261 539 2313 et
566 2255 869 2333 accepisse
898 2255 1206 2314 videantur.
1263 2253 1486 2332 Nempe
1518 2257 1665 2313 enim
1695 2254 1750 2314 hi
1785 2263 1911 2313 sunt
1939 2271 2082 2332 quos
2115 2272 2207 2314 se·

114 2351 195 2404 25
213 2347 415 2417 natus,
460 2355 587 2397 cum
623 2338 866 2416 publicis
912 2340 1222 2413 sumptibus
1266 2337 1575 2398 minuendis
1619 2340 1883 2416 optimum
1926 2356 2206 2417 quemque
2248 2392 2255 2399 .

214 2424 587 2501 praeficeret,
621 2422 831 2500 elegit,
865 2432 922 2482 et
957 2423 1179 2500 quidem
1207 2425 1437 2501 primos.
1482 2421 1606 2482 Hoc
1637 2432 1725 2484 est
1753 2424 1952 2499 igitur,
1982 2421 2093 2481 boc
2115 2429 2207 2481 est

214 2506 377 2583 quod·
402 2508 622 2582 penitus
653 2507 784 2566 illos
814 2509 993 2566 animo
1026 2505 1287 2567 Caesaris
1322 2506 1633 2567 insinuavit.
1686 2507 1776 2565 An
1806 2523 1997 2584 parum
2025 2522 2206 2581 saepe

216 2593 441 2666 experti
485 2607 673 2649 sumus
714 2591 857 2649 hanc
902 2609 1036 2650 esse
1078 2607 1265 2649 rerum
1292 2591 1673 2662 conditionem
1700 2598 1758 2648 ut
1787 2598 2017 2648 senatus
2046 2587 2209 2646 favor

214 2672 364 2751 apud
394 2675 710 2752 principem
740 2683 831 2732 aut
860 2675 1041 2751 prosit
1071 2682 1163 2732 aut
1192 2672 1447 2734 noceat?
1508 2674 1709 2732 Nonne
1753 2672 1920 2749 paulo
1969 2680 2095 2729 ante
2125 2672 2207 2728 ni·

118 2768 198 2822 30
217 2756 298 2816 hil
332 2759 508 2834 magis
550 2756 775 2816 exitiale
815 2766 932 2816 erat
976 2775 1139 2835 quam
1180 2757 1277 2816 illa
1297 2759 1576 2836 ‚principis
1611 2757 1877 2832 cogitatio
1909 2752 2082 2833 ‘hunc
2116 2772 2206 2814 se·

215 2850 378 2901 natus
410 2840 646 2918 probat,
691 2840 782 2899 bic
813 2843 1030 2900 senatui
1061 2858 1223 2900 carus
1255 2838 1409 2904 est'?
1452 2840 1660 2900 Oderat
1691 2856 1832 2916 quos
1862 2855 2206 2912 nosamare·

214 2934 374 3000 mus',
429 2925 533 2983 sed
564 2934 620 2994 et
648 2941 752 2983 nos
787 2942 930 3002 quos
960 2924 1076 2983 ille.
1134 2924 1298 2984 Nunc
1325 2927 1471 2984 inter
1492 2924 1815 3003 principem
1843 2918 2210 3000 senatumque

219 3008 531 3084 dignissimi
567 3009 874 3086 cuiusque
878 3010 1107 3068 caritate
1138 3017 1406 3068 certatur.
1446 2999 1918 3068 Demonstramus
1941 3005 2203 3080 invicem,

219 3092 499 3152 credimus
542 3092 816 3168 invicem,
882 3091 1170 3169 quodque
1187 3094 1480 3150 maximum
1531 3093 1732 3151 amoris
1774 3091 1946 3149 mutui
1990 3092 2209 3166 signum

123 3184 201 3238 35
216 3185 330 3251 est,
347 3173 590 3234 eosdem
613 3191 872 3234 amamuS.
917 3170 1176 3252 Pr0inde,
1203 3184 1394 3253 patres
1420 3175 1749 3252 conscripti,
1775 3172 1961 3238 favete
1985 3184 2204 3252 aperte,

103 3289 109 3295 ·
220 3259 438 3335 diligite
474 3268 821 3318 constanter.
884 3258 1011 3321 Non
1050 3259 1157 3317 iam
1195 3258 1621 3335 dissimulandus
1658 3266 1746 3316 est
1773 3275 1956 3333 amor,
2007 3274 2081 3317 ne
2106 3273 2206 3314 no-

222 3351 381 3410 ceat;
407 3358 522 3419 non
552 3330 915 3420 premendum
949 3342 1168 3420 odium,
1201 3361 1275 3402 ne
1305 3345 1504 3421 prosit.
1569 3341 1782 3402 Eadem
1811 3338 2022 3401 Caesar
2061 3357 2205 3417 quae

221 3434 447 3485 senatus
489 3425 1118 3506 probat'-inprobatque.
1179 3425 1303 3505 ⁴Vos
1344 3425 1439 3486 ille
1479 3422 1845 3504 praesentes,
1894 3441 2001 3483 vos
2043 3424 2207 3480 etiam
