2467 3850
738 160 1255 225 EPISTULARUM
1284 161 1383 223 111.
1427 172 1480 226 4.
1508 173 1559 226 5.
2046 164 2127 230 47

153 334 296 396 quae
339 314 492 376 solet
536 314 766 375 decreta
807 331 1197 392 praecurrere.
1262 315 1400 376 Tum
1439 333 1552 392 ego
1593 312 1839 376 ‘desino’
1881 318 2126 396 inquam,

152 405 369 479 patres
412 399 751 477 conscripti,
788 408 988 476 putare
1025 417 1113 458 me
1141 401 1314 459 iustas
1345 400 1722 459 excusationis
1758 418 1954 460 causas
1987 409 2129 459 attu-

149 483 334 543 lisse’.
405 481 618 542 Placuit
646 491 721 547 et
731 481 1004 542 modestia
1033 484 1306 542 sermonis
1340 492 1399 542 et
1429 483 1589 543 ratio.
1653 478 1917 562 Conpulit
1945 490 2179 544 autem5

150 585 239 627 me
266 566 337 625 ad
365 564 478 625 hoc
507 566 799 626 consilium
825 583 938 647 non
965 566 1147 627 solum
1177 583 1490 626 consensus
1520 576 1769 643 senatus,
1804 585 2130 666 quamquam

106 651 244 710 5hic
278 652 550 727 maxime,
587 667 782 709 verum
813 658 872 709 et
904 648 996 708 alii
1030 649 1251 727 quidam
1278 651 1523 710 minores
1555 648 1659 708 sed
1687 660 1872 710 tamen
1898 653 2129 711 numeri.

149 733 431 795 Veniebat
467 735 522 793 in
565 743 806 793 mentem
844 735 1064 811 priores
1101 742 1327 793 nostros
1370 736 1535 793 etiam
1573 732 1919 810 singulorum
1939 733 2130 813 hospi·

148 828 269 879 tum
310 818 535 876 iniurias
564 817 890 877 voluntariis
928 817 1379 878 accusationibus
1413 827 1747 885 exsecutos;
1793 836 1906 896 quo
1945 817 2132 879 defor-

149 903 296 961 mius
322 901 630 960 arbitrabar
656 900 868 979 publici
901 900 1111 978 hospiti
1142 903 1262 960 iura
1287 900 1621 977 neglegere.
1681 900 1979 962 Praeterea
2010 920 2136 963 cum
2152 910 2186 965 6

151 984 490 1045 recordarer
532 994 731 1061 quanta
774 1000 876 1061 pro
915 983 1095 1044 isdem
1143 983 1388 1044 Baeticis
1429 986 1727 1062 superiore
1766 985 2133 1046 advocatione

82 1081 141 1135 lo
155 1071 324 1130 etiam
351 1067 605 1146 pericula
634 1068 936 1143 subissem,
968 1068 1408 1129 conservandum
1432 1068 1642 1127 veteris
1674 1068 1847 1128 officii
1879 1073 2133 1130 meritum

153 1170 306 1213 novo
337 1150 647 1211 videbatur.
711 1149 816 1211 Est
847 1153 992 1210 enim
1019 1154 1094 1212 ita
1123 1160 1499 1230 comparatum
1527 1162 1586 1211 ut
1623 1153 1932 1230 antiquiora
1961 1153 2133 1213 bene-

152 1237 281 1297 licia
311 1234 630 1312 subvertas,
663 1235 771 1294 nisi
793 1234 891 1295 illa
917 1236 1326 1312 posterioribus
1360 1234 1642 1295 cumules:
1678 1254 1803 1295 nam
1831 1236 2135 1315 quamlibet

152 1337 336 1397 saepe
380 1318 641 1396 obligati,
685 1320 733 1377 si
766 1318 898 1397 quid
937 1336 1104 1377 unum
1140 1337 1358 1396 neges,
1399 1319 1510 1378 hoc
1548 1318 1734 1378 solum
1767 1322 2134 1381 meminerunt

156 1402 311 1483 quod
344 1412 607 1480 negatum
649 1412 758 1463 est.
819 1400 1084 1462 Ducebar
1110 1405 1275 1462 etiam
1310 1402 1460 1480 quod
1488 1402 1816 1464 decesserat
1849 1402 2136 1464 Classicus
2155 1414 2186 1468 7

85 1494 140 1545 15
156 1498 514 1564 amotumque
549 1495 700 1561 erat,
746 1485 897 1563 quod
938 1488 993 1545 in
1035 1486 1307 1546 eiusmodi
1339 1487 1521 1546 causis
1550 1485 1700 1547 solet
1717 1505 1858 1549 lesse
1886 1490 2134 1548 tristissi-

153 1589 341 1646 mum,
395 1568 706 1648 periculum
748 1571 1044 1629 senatoris.
1109 1569 1380 1630 Videbam
1421 1587 1562 1647 ergo
1600 1569 1950 1632 advocationi
1974 1590 2135 1631 meae

155 1673 270 1716 non
296 1656 568 1712 minorem
594 1656 827 1730 gratiam
849 1671 1012 1732 quam
1040 1655 1089 1712 si
1113 1655 1332 1714 viveret
1354 1653 1453 1713 ille
1479 1656 1847 1731 propositam,
1878 1655 2136 1715 invidiam

155 1737 383 1799 nullam.
428 1737 490 1796 In
522 1754 751 1813 summa,
786 1737 1176 1817 conputabam,
1216 1739 1266 1795 si
1291 1754 1521 1796 munere
1549 1736 1658 1796 hoc
1686 1739 1792 1796 iam
1818 1741 1986 1799 tertio
2015 1739 2188 1801 fun-8

157 1840 367 1900 gerer,
411 1820 721 1880 faciliorem
754 1821 884 1880 mihi
929 1822 1349 1880 excusationem
1390 1819 1548 1894 fore,
1593 1822 1640 1879 si
1677 1824 1802 1897 quis
1846 1821 2139 1883 incidisset

84 1916 144 1970 20
161 1925 328 1986 quem
358 1922 470 1965 non
498 1904 765 1965 deberem
793 1922 1085 1965 accusare.
1123 1901 1262 1963 Nam
1297 1920 1422 1963 cum
1450 1913 1537 1965 est
1567 1907 1806 1963 omnium
1825 1905 2139 1965 officiorum

158 1993 283 2051 finis
314 1990 548 2068 aliquis,
591 1999 706 2049 tum
746 1991 954 2067 optime
991 1987 1234 2048 libertati
1262 1989 1425 2047 venia
1453 1987 1728 2065 obsequio
1760 1999 2137 2067 praeparatur.

157 2074 382 2134 Audisti
412 2072 630 2134 consilii
654 2074 761 2132 mei
784 2082 990 2150 motus,
1023 2082 1289 2149 superest
1311 2070 1574 2132 alterutra
1601 2090 1673 2131 ex
1693 2083 1851 2150 parte
1880 2072 2138 2132 iudicium
2156 2080 2190 2132 9

158 2168 347 2235 tuum,
389 2159 445 2216 in
470 2175 580 2234 quo
613 2156 745 2215 mihi
772 2174 954 2235 aeque
993 2156 1232 2216 iucunda
1266 2158 1372 2216 erit
1403 2155 1731 2235 simplicitas
1761 2157 2139 2218 dissentientis

161 2261 327 2321 quam
364 2241 762 2318 conprobantis
788 2242 1105 2301 auctoritas.
1169 2240 1328 2302 Vale.

1122 2374 1190 2434 V.

603 2472 656 2523 C.
690 2471 936 2524 PLINIUS
967 2473 1198 2525 BAEBIO
1235 2473 1456 2524 MACRO
1492 2473 1611 2525 SUO
1649 2474 1702 2528 S.

289 2577 615 2653 Pergratum
646 2586 736 2637 est
764 2576 894 2636 mihi
925 2577 1074 2655 quod
1103 2587 1211 2637 tam
1236 2578 1537 2657 diligenter
1557 2577 1732 2639 libros
1752 2578 2009 2637 avunculi
2035 2581 2142 2639 mei
2168 2593 2192 2643 1

165 2661 392 2721 lectitas
421 2670 481 2719 ut
504 2660 713 2720 habere
736 2679 931 2721 omnes
952 2661 1096 2722 velis
1121 2680 1471 2741 quaerasque
1495 2663 1588 2740 qui
1611 2664 1722 2721 sint
1743 2679 1956 2722 omnes.
2001 2661 2144 2721 Fun·
2161 2674 2194 2725 2

93 2762 270 2822 30gar
306 2743 507 2803 indicis
538 2744 787 2822 partibus
826 2755 992 2823 atque
1033 2748 1199 2805 etiam
1226 2764 1338 2824 quo
1368 2748 1477 2806 sint
1507 2745 1700 2805 ordine
1729 2747 1926 2822 scripti
1954 2754 2144 2805 notum

168 2830 267 2889 tibi
298 2828 528 2888 faciam:
571 2838 660 2887 est
692 2830 838 2887 enim
870 2828 1012 2887 haec
1038 2847 1264 2907 quoque
1293 2829 1559 2889 studiosis
1588 2844 1698 2888 non
1726 2828 2021 2889 iniucunda
2048 2848 2145 2889 co·

169 2914 365 2989 gnitio‚
423 2911 535 2971 ‘De
572 2911 908 2972 iaculatione
939 2915 1190 2991 equestri
1220 2918 1415 2973 unus’:
1466 2914 1635 2988 hunc,
1669 2930 1795 2971 cum
1823 2912 2201 2990 praesectus3

170 2995 289 3055 alae
317 2994 613 3072 militaret,
644 2998 762 3073 pari
788 2998 1016 3073 ingenio
1049 3014 1293 3073 curaque
1338 2999 1653 3073 conposuit.
1699 2996 1812 3056 ‘De
1845 3000 1958 3057 vita
1986 2997 2147 3057 Pom-

174 3082 305 3155 poni
347 3079 596 3139 Secundi
641 3079 805 3149 duo';
845 3098 876 3138 a
918 3098 1028 3158 quo
1071 3079 1425 3157 singulariter
1457 3090 1667 3140 amatus
1708 3080 1819 3141 hoc
1848 3083 2147 3141 memoriae

93 3165 330 3226 35amici
387 3164 544 3241 quasi
598 3162 841 3224 debitum
893 3181 1088 3224 munus
1134 3163 1395 3223 exsolvit.
1465 3162 1774 3222 ‘Bellorum
1824 3164 2202 3226 Germaniae4

174 3249 428 3324 viginti’;
460 3247 663 3324 quibus
699 3250 880 3307 omnia
913 3266 1057 3325 quae
1082 3265 1206 3306 cum
1221 3246 1507 3306 Germanis
1537 3248 1818 3323 gessimus
1850 3247 2001 3307 bella
2031 3249 2147 3308 col·

177 3328 332 3407 legit.
394 3330 719 3408 Inchoavit,
753 3349 878 3391 cum
907 3333 962 3390 in
995 3330 1283 3391 Germania
1308 3330 1602 3407 militaret,
1627 3334 1845 3392 somnio
1876 3335 2145 3392 monitus:

178 3414 382 3476 adstitit
410 3417 466 3475 ei
494 3417 808 3492 quiescenti
839 3414 1003 3476 Drusi
1033 3414 1274 3475 Neronis
1303 3414 1548 3492 effigies,
1581 3417 1675 3494 qui
1715 3414 2041 3475 Germaniae
2071 3415 2147 3473 la-

87 2340 146 2392 25
