2467 3850
252 209 257 215 “
333 200 455 264 156
1159 200 1225 264 G.
1266 203 1457 266 PLINI

325 370 468 432 quae
499 362 610 413 tam
629 371 868 431 recens,
898 364 1009 414 tam
1038 359 1307 433 eopiosa,
1335 367 1444 417 tam
1475 356 1602 432 lata,
1636 358 1878 435 denique
1909 367 2017 416 tam
2046 359 2298 435 poetica,

274 447 383 501 2et
418 454 744 516 quamquam
782 440 838 496 in
869 440 1180 499 verissimis
1209 442 1418 517 rebus,
1461 451 1570 500 tam
1597 439 1848 501 fabulosa
1884 438 2156 500 materia?
2198 441 2299 500 Di·

325 538 425 581 ces
465 522 690 582 inmissa
720 523 887 582 terris
925 540 1069 582 nova
1104 524 1358 600 flumina,
1400 542 1582 585 novos
1623 533 1826 603 pontes
1863 525 2177 584 fluminibus
2216 527 2298 584 in-

324 606 527 679 iectos,
557 606 776 664 insessa
806 607 1002 666 castris
1033 610 1300 667 montium
1328 609 1582 688 abrupta,
1616 607 1837 687 pulsum
1864 610 2042 684 regia,
2076 607 2299 687 pulsum

324 689 492 748 etiam
519 690 632 747 vita
665 705 862 764 regem
905 689 1039 749 nihil
1085 690 1508 769 desperantem
1567 708 1741 770 super
1777 691 1952 768 haec,
2009 702 2166 751 actos
2211 692 2349 754 bis5

322 771 658 850 triumphos,
694 789 930 849 quorum
956 773 1099 833 alter
1126 793 1202 833 ex
1220 776 1431 835 invicta
1457 784 1630 852 gente
1663 777 1872 853 primus
1891 820 1907 851 ,
1942 774 2084 834 alter
2108 776 2297 834 novis-

269 863 304 916 3
323 857 494 915 simus
531 854 651 917 fuit.
690 854 810 914 Una
839 856 943 916 sed
971 860 1204 917 maxima
1232 857 1563 933 difficultas,
1596 857 1746 935 quod
1773 859 1912 918 haec
1941 876 2184 935 aequare
2217 857 2299 917 di·

326 937 506 998 cendo
545 937 771 998 arduum
813 940 1154 1015 inmensum,
1202 945 1372 1001 etiam
1413 952 1510 1002 tuo
1552 943 1781 1019 ingenio
1802 986 1819 1017 ‚
1864 959 2190 1019 quamquam
2217 941 2297 1000 al-

325 1023 542 1082 tissime
573 1022 834 1099 adsurgat
865 1032 922 1082 et
951 1024 1307 1102 amplissimis
1347 1026 1617 1104 operibus
1646 1027 1943 1085 increscat.
2005 1024 2130 1085 Non
2173 1025 2297 1085 nul-

324 1104 414 1165 lus
444 1115 501 1165 et
529 1107 585 1165 in
610 1104 711 1165 illo
739 1105 900 1165 labor
926 1117 987 1167 ut
1018 1108 1253 1168 barbara
1279 1117 1339 1168 et
1365 1108 1485 1169 fera
1522 1110 1772 1184 nomina,
1821 1111 1876 1168 in
1920 1111 2109 1185 primis
2140 1111 2297 1186 regis
2316 1124 2382 1177 10

274 1195 310 1247 4
327 1191 527 1269 ipsius,
561 1186 794 1250 Graecis
815 1192 1074 1251 versibus
1102 1209 1214 1251 non
1232 1193 1526 1253 resultent.
1588 1192 1703 1252 Sed
1730 1191 1863 1252 nihil
1895 1191 2153 1270 estquod
2184 1209 2297 1252 non

323 1282 442 1332 arte
475 1291 742 1353 curaque,
778 1275 826 1333 si
856 1291 966 1334 non
995 1285 1185 1353 potest
1211 1277 1384 1353 vinei,
1411 1277 1715 1353 mitigetur.
1770 1275 2064 1336 Praeterea
2082 1322 2099 1351 ,
2130 1278 2179 1335 si
2206 1275 2299 1334 da-

323 1364 415 1414 tur
441 1354 686 1416 Homero
718 1366 776 1416 et
815 1356 1003 1417 mollia
1030 1357 1308 1418 vocabula
1350 1368 1410 1418 et
1441 1356 1654 1419 Graeca
1691 1359 1757 1419 ad
1789 1358 2071 1419 levitatem
2097 1376 2298 1419 versus

324 1440 690 1518 contrahere,
737 1440 1077 1519 extendere,
1119 1443 1447 1519 inflectere,
1504 1461 1614 1519 cur,
1640 1442 1738 1503 tibi
1776 1442 1971 1503 similis
2017 1442 2296 1519 audentia,

275 1525 654 1602 5praesertim
686 1541 798 1583 non
838 1522 1076 1585 delicata
1113 1526 1217 1586 sed
1245 1528 1596 1602 necessaria,
1641 1543 1751 1586 non
1795 1523 1995 1586 detur?
2056 1525 2294 1585 Proinde
2320 1533 2382 1585 15

323 1609 442 1667 iure
471 1617 658 1667 vatum
685 1610 954 1668 invocatis
982 1608 1090 1685 dis,
1126 1619 1183 1669 et
1205 1611 1351 1669 inter
1372 1627 1475 1671 eos
1499 1612 1629 1689 ipso
1652 1611 1808 1691 cuius
1837 1628 1931 1670 res
1960 1627 2135 1688 opera
2163 1607 2324 1669 con-'

323 1690 450 1750 silia
476 1691 725 1752 dicturus
755 1710 841 1767 es,
877 1694 1105 1753 immitte
1133 1693 1435 1770 rudentes,
1480 1693 1662 1772 pande
1690 1692 1849 1770 vela,
1886 1711 1952 1752 ac
1990 1696 2038 1753 si
2077 1692 2299 1771 quando

322 1773 480 1852 alias,
510 1784 632 1835 toto
662 1776 888 1852 ingenio
922 1776 1154 1837 vehere.
1210 1774 1326 1836 Cur
1353 1780 1498 1837 enim
1519 1795 1632 1837 non
1663 1794 1776 1854 ego
1806 1794 2032 1857 quoque
2064 1778 2300 1854 poetice

272 1865 306 1917 6
328 1874 452 1916 cum
481 1856 691 1939 poeta?
720 1858 865 1918 Illud
896 1861 1002 1919 iam
1029 1878 1176 1921 nunc
1200 1863 1487 1941 paciscor:
1529 1864 1702 1941 prima
1730 1879 1988 1940 quaeque
2019 1870 2078 1920 ut
2109 1860 2301 1921 absol·

320 1944 507 2021 veris,
548 1945 747 2003 mittito
767 1989 784 2019 ,
832 1946 996 2004 immo
1039 1946 1202 2004 etiam
1245 1956 1373 2005 ante
1416 1964 1579 2024 quam
1619 1946 1913 2022 absolvas,
1958 1948 2100 2005 sicut
2136 1954 2299 2005 erunt
2313 1955 2385 2009 20

273 2029 568 2086 ''Irecentia
608 2036 665 2086 et
699 2027 853 2087 rudia
898 2037 954 2087 et
992 2027 1174 2087 adhuc
1220 2030 1418 2089 similia
1457 2029 1836 2089 nascentibus.
1899 2028 2298 2107 Respondebis

321 2128 433 2170 non
462 2128 635 2190 posse
667 2110 898 2186 perinde
933 2115 1163 2189 carptim
1191 2123 1250 2172 ut
1283 2123 1578 2191 contexta,
1619 2112 1851 2191 perinde
1893 2113 2149 2173 inchoata
2176 2110 2297 2190 pla-

322 2210 456 2252 cere
487 2202 547 2252 ut
577 2193 799 2252 effecta.
841 2193 992 2252 Scin.
1031 2192 1225 2272 Itaque
1256 2206 1313 2254 et
1342 2214 1373 2255 a
1401 2214 1489 2256 me
1520 2195 1953 2255 aestimabuntur
1979 2205 2040 2254 ut
2068 2204 2296 2273 coepta,

320 2276 723 2352 spectabuntur
751 2285 810 2335 ut
847 2276 1094 2336 membra
1131 2288 1545 2358 extremamque
1582 2280 1764 2339 limam
1804 2289 1950 2339 tuam
1996 2281 2300 2357 opperien-

319 2367 409 2417 tur
439 2360 494 2416 in
517 2359 725 2418 scrinio
752 2367 966 2419 nostro.
1007 2359 1207 2421 Patere
1237 2361 1348 2420 hoc
1377 2381 1468 2423 me
1491 2380 1666 2441 super
1694 2372 1886 2422 cetera
1913 2362 2122 2422 habere
2144 2379 2298 2421 amo-
2315 2366 2385 2419 25

318 2442 395 2501 ris
415 2443 495 2500 tui
527 2444 729 2520 pig-nus
757 2452 817 2502 ut
851 2460 916 2502 ea
961 2461 1187 2523 quoque
1214 2449 1393 2505 norim
1428 2465 1569 2524 quae
1598 2464 1773 2506 nosse
1795 2448 2068 2506 neminem
2089 2445 2300 2506 velles.

267 2519 381 2586 81n
409 2542 639 2603 summa,
663 2536 865 2604 potero
893 2528 1136 2588 fortasse
1168 2532 1379 2607 scripta
1405 2540 1498 2590 tua
1539 2532 1715 2606 magis
1762 2530 2002 2608 probare
2046 2529 2297 2606 laudare,

320 2619 524 2685 quanto
552 2608 647 2669 illa
675 2610 880 2672 tardius
912 2614 1271 2692 cautiusque,
1315 2613 1418 2673 sed
1450 2616 1631 2693 ipsum
1664 2622 1721 2672 te
1753 2615 1935 2690 magis
1961 2612 2155 2674 amabo
2183 2632 2300 2673 ma-

317 2694 522 2772 gisque
554 2693 812 2773 laudabo,
845 2705 1052 2775 quanto
1083 2697 1329 2757 celerius
1358 2707 1413 2756 et
1442 2699 1714 2756 incautius
1745 2698 1985 2757 miseris.
2045 2695 2208 2756 Vale.

1269 2830 1338 2888 V.

876 2929 931 2982 C.
968 2928 1216 2980 PLINIUS
1252 2928 1490 2979 GEMINO
1525 2927 1641 2979 SUO
1680 2927 1731 2982 S.

268 3040 298 3089 1
444 3026 624 3089 Grave
653 3029 854 3092 vulnus
884 3030 1161 3093 Macrinus
1190 3042 1387 3092 noster
1415 3033 1656 3109 accepit.
1702 3032 1903 3091 Amisit
1925 3046 2162 3090 uxorem
2182 3033 2301 3090 sin·

316 3109 523 3185 gularis
556 3114 830 3192 exempli,
874 3118 1040 3175 etiam
1070 3117 1118 3175 si
1148 3115 1280 3175 olim
1307 3115 1526 3175 fuisset.
1585 3116 1738 3174 Vixit
1774 3133 1899 3174 cum
1926 3115 2031 3174 hac
2065 3115 2298 3190 triginta

315 3209 518 3250 novem
546 3198 700 3254 annis
734 3199 854 3257 sine
883 3200 1095 3275 iurgi0,
1142 3201 1264 3258 sine
1296 3199 1531 3258 offensa.
1590 3198 1767 3270 Quam
1796 3198 1890 3258 illa
1919 3198 2383 3258 reverentiam35

314 3276 510 3333 marito
543 3295 644 3336 suo
675 3283 969 3357 praestitit,
1005 3299 1129 3339 cum
1150 3283 1272 3359 ipsa
1297 3300 1559 3341 summam
1580 3281 1918 3342 mereretur!
1951 3289 2086 3360 quot
2121 3298 2299 3358 quan·

315 3368 514 3435 tasque
553 3361 787 3423 virtutes
827 3381 901 3421 ex
943 3364 1178 3423 diversis
1221 3366 1494 3424 aetatibus
1537 3375 1784 3440 sumptas
1827 3363 2062 3441 colleg-it
2105 3373 2163 3423 et
2192 3366 2299 3423 mi-

263 3442 488 3504 2scuit!
525 3440 708 3505 Habet
746 3444 972 3522 quidem
1008 3444 1290 3506 Macrinus
1330 3448 1540 3524 grande
1584 3447 1854 3507 solacium
1893 3447 2044 3526 quod
2082 3456 2300 3506 tantum

2315 2784 2385 2839 30
