2467 3850
29 2660 32 2733 l

625 185 642 200 '
690 189 1213 255 EPISTULARUM
1241 193 1313 253 V.
1357 203 1408 259 9.
1455 195 1604 274 (21.)
2060 198 2143 260 99

158 345 288 422 ipso
317 342 543 405 diversa
581 344 734 423 quod
773 346 1007 404 maxima
1054 345 1387 406 confundam
1423 347 1799 424 misceamque
1815 394 1834 426 ,
1881 367 1953 409 ne
1993 359 2140 411 tanta

159 429 319 505 quasi
369 426 691 488 colluvione
721 429 973 488 turbatus
1002 429 1079 489 ibi
1108 428 1308 492 faciam
1337 430 1486 510 quod
1512 430 1607 490 hic
1633 431 1852 501 debeo;
1896 433 2141 510 ideoque

157 513 378 570 interim
405 512 657 589 veniam,
698 530 771 572 ne
808 530 841 572 a
879 513 1022 572 meis
1061 513 1255 573 verbis
1301 513 1594 590 recedam,
1636 514 1944 575 advocandi
1982 526 2140 595 peto.

160 592 243 653 Tu
276 604 465 654 tamen
505 596 613 653 iam
642 613 794 656 nunc
837 597 1026 673 cogita
1069 614 1212 674 quae
1253 597 1602 675 potissimum
1646 607 1899 677 tempora
1940 617 2140 676 aggre-
2159 607 2224 660 12

115 677 296 742 5diar.
364 675 575 738 Vetera
616 688 673 738 et
712 680 923 756 scripta
970 677 1134 740 aliis?
1186 690 1377 757 parata
1406 682 1723 760 inquisitio,
1769 680 1874 742 sed
1904 699 2139 746 onerosa

163 760 425 821 collatio:
477 761 679 823 intacta
702 770 760 822 et
795 758 980 821 nova?
1033 763 1223 839 gravis
1256 764 1530 843 offensae,
1571 764 1716 825 levis
1745 767 1943 841 gratia.
2002 765 2142 826 Nam
2159 773 2225 826 13

160 854 392 923 praeter
425 844 481 903 id
512 846 663 922 quod
692 846 750 904 in
789 847 956 905 tantis
994 846 1146 906 vitiis
1193 846 1475 907 hominum
1520 848 1681 929 plura
1711 848 1984 928 culpanda
2013 859 2143 909 sunt

162 946 328 1006 quam
352 927 652 1004 laudanda,
694 937 842 1006 tum,
878 931 927 989 si
954 928 1304 1007 laudaveris,
1336 948 1574 1010 parcus,
1609 933 1659 993 si
1692 930 2032 1010 culpaveris,
2061 933 2143 992 ni-

161 1013 305 1071 mius
335 1011 513 1073 fuisse
544 1011 776 1080 dicaris;
819 1013 1069 1090 quamvis
1113 1006 1252 1072 illud
1290 1014 1650 1094 plenissime,
1702 1015 1814 1075 boc
1840 1017 2142 1076 restrictis-

87 1113 149 1166 10
166 1096 306 1156 sime
337 1096 571 1155 feceris.
632 1095 748 1155 Sed
775 1094 919 1155 haec
951 1114 1042 1157 me
1082 1113 1195 1156 non
1224 1098 1534 1159 retardant:
1579 1109 1668 1160 est
1699 1100 1847 1159 enim
1875 1099 2007 1159 mibi
2037 1117 2142 1178 pro
2161 1106 2226 1160 14

162 1179 272 1240 fide
293 1181 428 1239 satIs
444 1179 625 1238 animi.
668 1178 814 1237 Illud
830 1188 988 1257 peto,
1018 1190 1376 1258 praesternas
1407 1182 1477 1242 ad
1504 1182 1654 1261 quod
1673 1182 1910 1243 hortaris
1938 1182 2141 1261 eligas·

166 1280 276 1341 que
306 1262 591 1322 materiam
608 1308 626 1340 ,
655 1281 727 1322 ne
756 1262 887 1322 mihi
916 1264 1024 1323 iam
1051 1265 1307 1325 scribere
1342 1276 1538 1344 parato
1566 1265 1672 1327 alia
1695 1284 1888 1328 rursus
1918 1276 2141 1329 cuncta-

161 1348 331 1408 tionis
363 1356 424 1406 et
448 1364 638 1407 morae
664 1347 810 1407 iusta
835 1349 977 1407 ratio
1005 1357 1288 1408 nascatur.
1349 1347 1509 1410 Vale.

92 1525 147 1578 15
947 1480 1125 1541 v1111.
1154 1480 1354 1561 [ΧΧΙ.]
1388 1497 1414 1556 1

759 1579 811 1633 C.
852 1576 1104 1630 PLINIUS
1140 1579 1306 1630 RUFO
1340 1579 1458 1632 SUO
1492 1580 1548 1631 S.

287 1679 709 1741 Descenderam
740 1682 796 1741 in
827 1681 1114 1742 basilicam
1143 1680 1370 1758 Iuliam,
1415 1676 1698 1742 auditurus
1732 1682 1933 1759 quibus
1957 1685 2145 1762 proxi·
2164 1698 2193 1750 1

166 1783 254 1826 ma
293 1765 879 1842 comperendinatione
921 1765 1274 1844 respondere
1319 1764 1612 1824 debebam.
1677 1764 1960 1825 Sedebant
2007 1767 2194 1831 iudi-2

169 1867 304 1927 ces,
346 1847 652 1908 decemviri
696 1857 998 1927 venerant,
1052 1847 1495 1908 obversabantur
1531 1846 1818 1926 advocati,
1865 1848 2145 1908 silentium

90 1933 427 2010 mlongum,
466 1932 690 1993 tandem
727 1952 761 1993 a
792 1943 1057 2012 praetore
1097 1934 1342 1992 nuntius.
1396 1931 1753 1992 Dimittuntur
1794 1933 2140 2009 centumviri,

163 2018 421 2076 eximitur
445 2016 590 2093 dies,
619 2035 710 2077 me
737 2016 1052 2094 gaudente,
1095 2018 1192 2095 qui
1220 2033 1515 2094 numquam
1552 2016 1629 2076 ita
1663 2024 1888 2094 paratus
1928 2033 2051 2075 sum
2084 2023 2146 2074 ut

161 2118 275 2159 non
301 2117 457 2160 mora
488 2099 687 2160 laeter.
752 2098 934 2161 Causa
962 2099 1243 2161 dilationis
1272 2099 1471 2179 Nepos
1506 2108 1767 2177 praetor,
1800 2101 1894 2177 qui
1918 2098 2141 2175 legibus
2159 2111 2194 2163 3

164 2184 396 2262 quaerit.
442 2182 818 2263 Proposuerat
857 2185 1033 2244 breve
1076 2184 1356 2263 edictum,
1396 2183 1728 2244 admonebat
1756 2193 2141 2259 accusatores,

162 2266 495 2327 admonebat
528 2285 662 2328 reos
703 2279 1102 2329 exsecuturum
1142 2287 1207 2328 se
1250 2286 1393 2347 quae
1438 2276 1665 2329 senatus
1705 2266 1964 2328 consulto
2007 2283 2141 2326 con·

93 2353 493 2421 25tinerentur.
574 2350 814 2412 Suberat
867 2353 1056 2414 edicto
1096 2362 1326 2413 senatus
1372 2351 1718 2412 consultum:
1767 2350 1881 2410 hoc
1922 2367 2139 2428 omues,
2158 2363 2194 2415 4

166 2435 421 2513 quisquis
461 2437 746 2511 negotium
788 2435 1057 2514 haberet,
1104 2437 1288 2496 iurare
1332 2437 1488 2514 prius
1527 2453 1693 2515 quam
1722 2443 1957 2511 agerent
1984 2434 2141 2493 iube-

164 2518 366 2579 bantur
403 2517 539 2577 nihil
579 2538 644 2580 se
686 2520 761 2578 ob
799 2519 1223 2581 advocationem
1262 2520 1520 2598 cuiquam
1561 2519 1791 2579 dedisse
1813 2518 2143 2597 promisisse

167 2603 410 2663 cavisse.
466 2600 567 2661 His
597 2603 743 2663 enim
768 2603 959 2664 verbis
983 2622 1053 2663 ac
1086 2602 1243 2663 mille
1271 2612 1569 2681 praeterea
1591 2611 1650 2662 et
1677 2603 1872 2661 venire
1903 2600 2143 2660 advoca·

164 2688 351 2747 tiones
383 2695 443 2746 et
470 2687 579 2746 emi
605 2686 951 2746 vetabantur.
1014 2686 1266 2747 Peractis
1292 2696 1478 2746 tamen
1510 2686 1754 2762 negotiis
1783 2682 2142 2761 permitteba-

29 2812 30 2815 ,
93 2779 255 2838 autur
281 2770 578 2849 pecuniam
606 2768 882 2830 dumtaxat
911 2769 1110 2831 decem
1147 2770 1359 2829 milium
1398 2768 1550 2829 dare.
1612 2767 1738 2828 Hoc
1766 2766 1918 2825 facto
1947 2763 2143 2844 Nepo-
2161 2779 2192 2829 5

164 2854 238 2915 tis
272 2863 584 2914 commotus
612 2863 840 2931 praetor
873 2855 967 2932 qui
995 2851 1484 2913 centumviralibus
1511 2849 1890 2930 praesidebat,
1928 2846 2141 2908 delibe-

164 2946 386 2997 raturus
414 2954 483 2996 an
513 2947 851 3016 sequeretur
880 2936 1233 3015 exemplum,
1276 2935 1618 3014 inopinatum
1642 2932 1805 2992 nobis
1843 2932 2016 2991 otium
2042 2931 2141 2991 de-

168 3019 267 3080 dit.
328 3019 560 3080 Interim
602 3030 718 3080 tota
762 3022 985 3081 civitate
1014 3019 1255 3098 Nepotis
1297 3018 1541 3078 edictum
1584 3017 1828 3094 carpitur
1874 3015 2141 3076 laudatur.
2161 3029 2194 3082 6

164 3101 326 3163 Multi
356 3104 688 3164 ‘invenimus
719 3105 815 3182 qui
844 3121 1014 3164 curva
1047 3104 1377 3178 corrigeret.
1424 3097 1612 3175 Quid?
1646 3108 1773 3159 ante
1801 3098 1950 3159 hunc
1977 3117 2139 3178 prae-

93 3193 153 3249 35
169 3196 326 3247 tores
366 3204 480 3246 non
518 3185 783 3248 fuerunt?
823 3189 948 3267 quis
992 3195 1177 3247 autem
1207 3186 1302 3245 hic
1345 3193 1437 3245 est
1468 3185 1561 3262 qui
1590 3182 1849 3244 emendet
1878 3182 2142 3261 publicos

166 3267 398 3331 mores?
417 3276 440 3305 ²
507 3271 620 3330 Alii
662 3280 854 3331 contra
897 3271 1237 3331 ‘rectissime
1274 3268 1440 3328 fecit:
1495 3270 1726 3328 initurus
1763 3268 2143 3342 magistratum

166 3356 286 3414 iura
315 3356 615 3434 cogno-vit,
642 3364 869 3417 senatus
900 3352 1154 3415 consulta
1183 3351 1357 3429 legit,
1389 3353 1638 3431 reprimit
1665 3349 2018 3413 foedissimas
2045 3366 2140 3427 pa-

169 3439 391 3503 ctiones
408 3483 428 3519 ,
477 3455 600 3500 rem
640 3438 1067 3519 pulcherrimam
1116 3436 1439 3514 turpissime
1489 3438 1682 3499 venire
1734 3451 1847 3578 3211
1894 3433 2139 3512 patitur?
