2467 3850
310 136 393 199 24
592 150 605 156 “
1150 132 1213 194 C.
1256 133 1446 194 PLlNI

311 305 552 366 semper.
622 282 778 346 Haec
808 294 992 345 tamen
1035 304 1200 348 causa
1236 304 1434 363 magna
1474 297 1592 364 est,
1624 287 1821 346 nescio
1852 304 1918 345 an
1959 288 2127 346 iusta:
2179 289 2286 348 sed

310 388 453 448 egn,
506 379 782 447 tamquam
808 386 920 428 non
947 371 1126 429 minus
1155 372 1299 429 iusta
1329 388 1491 447 quam
1517 387 1713 448 magna
1751 372 1854 446 sit,
1906 371 2151 447 graviter
2178 374 2285 430 ira·

264 470 444 520 2scor
476 452 625 531 quod
654 471 687 512 a
720 462 779 512 te
812 462 924 512 tam
952 452 1042 511 diu
1077 453 1298 513 litterae
1333 453 1536 514 nullae.
1582 452 1833 512 Exorare
1861 472 1950 513 me
1979 463 2145 531 potes
2170 473 2286 516 uno

310 537 512 612 modo,
568 539 616 596 si
645 555 793 596 nunc
826 535 1023 596 saltem
1051 536 1317 615 plurimas
1344 546 1402 597 et
1441 536 1794 614 longissimas
1830 539 2065 597 miseris.
2124 537 2285 599 Haec

308 621 439 680 mihi
475 619 596 681 sola
627 622 917 680 excusatio
946 638 1102 697 vera,
1137 629 1364 679 ceterae
1396 620 1570 681 falsae
1599 620 1949 680 videbuntur.
2004 618 2131 680 Non
2163 641 2285 683 sum
2303 630 2341 681 5

251 718 295 770 *3
311 704 593 764 auditurus
628 709 762 763 ‘non
791 722 941 763 eram
963 702 1198 763 Romae’
1227 704 1322 763 vel
1353 706 1707 781 ‘occupatior
1734 708 1928 763 eram.’
1967 701 2113 764 Illud
2135 707 2283 765 enim
2377 744 2405 770 .

309 807 419 848 nec
450 788 503 847 di
531 790 731 864 sinant,
762 797 822 847 ut
853 787 1177 847 ‘infirmion’
1222 785 1357 865 Ipse
1386 787 1457 846 ad
1484 786 1674 846 villam
1701 789 1900 865 partim
1927 789 2123 849 studiis
2155 806 2283 867 par-

309 874 405 931 tim
435 871 646 931 desidia
677 871 852 950 fruor,
886 888 1121 950 quorum
1146 880 1441 950 utrumque
1471 890 1545 932 ex
1574 873 1689 932 otio
1715 871 1978 931 nascitur.
2034 871 2193 933 Vale.

1236 1001 1338 1063 111.
1591 1054 1595 1058 .

869 1100 922 1157 c,
958 1101 1205 1153 PLINIUS
1244 1100 1476 1153 NEPOTI
1512 1102 1631 1154 suo
1667 1101 1719 1153 S.

259 1221 288 1270 1
430 1203 632 1282 Magna
656 1201 875 1264 Isaeum
903 1203 1046 1264 fama
1065 1215 1481 1284 praecesserat,
1504 1206 1680 1264 maior
1697 1206 1958 1265 inventus
1978 1212 2083 1265 est.
2120 1203 2280 1263 Sum-

308 1306 395 1348 ma
422 1297 511 1349 est
539 1287 794 1365 facultas,
827 1291 1023 1367 copia,
1054 1290 1309 1349 ubertas:
1345 1288 1477 1349 dicit
1504 1306 1730 1366 semper
1760 1307 1836 1348 ex
1864 1298 2142 1366 tempore,
2176 1287 2280 1347 sed

309 1382 585 1449 tamquam
612 1370 706 1430 diu
733 1373 1043 1450 scripserit.
1109 1373 1308 1432 Sermo
1339 1371 1619 1449 Graecus,
1655 1375 1820 1432 immo
1840 1372 2087 1432 Atticus:
2115 1389 2280 1450 prae-

310 1455 548 1515 fationes
579 1463 797 1532 tersae,
827 1455 1105 1532 graciles,
1137 1457 1369 1534 dulces,
1399 1474 1602 1534 graves
1635 1456 1909 1516 interdum
1942 1465 1999 1516 et
2029 1465 2276 1515 erectae.
2294 1463 2366 1534 15

261 1539 498 1604 2Poscit
530 1541 942 1600 controversias
981 1538 1207 1618 plures,
1253 1539 1590 1600 electionem
1617 1539 1958 1600 auditoribus
1989 1540 2277 1619 permittit,
2388 1549 2394 1554 “

309 1640 482 1700 saepe
511 1624 676 1682 etiam
706 1632 895 1701 partes
914 1668 930 1698 ,
962 1626 1160 1701 surgit,
1196 1626 1448 1684 amicitur
1467 1669 1484 1700 ,
1532 1625 1752 1702 incipit;
1794 1626 1975 1683 statim
2003 1625 2182 1682 omnia
2207 1640 2280 1682 ac

309 1723 489 1783 paene
524 1708 732 1784 pariter
758 1706 826 1766 ad
854 1724 1103 1784 manum,
1144 1726 1348 1768 sensus
1387 1708 1662 1768 reconditi
1705 1716 2034 1783 occursant,
2078 1706 2274 1782 verba,

310 1788 413 1850 sed
444 1788 653 1866 qualia!
687 1792 938 1867 quaesita
972 1801 1029 1851 et
1059 1792 1299 1852 exculta.
1363 1791 1536 1852 Multa
1556 1791 1730 1852 lectio
1759 1793 1815 1850 in
1846 1791 2076 1867 subitis,
2106 1789 2276 1848 multa

257 1885 290 1937 3
309 1874 538 1952 scriptio
563 1872 770 1935 elucet.
815 1872 1232 1937 Prohoemiatur
1255 1886 1408 1955 apte,
1438 1884 1620 1936 narrat
1652 1884 1868 1954 aperte,
1903 1883 2112 1954 pugnat
2132 1875 2275 1934 acri·
2291 1881 2366 1935 20

306 1967 414 2033 ter,
447 1955 662 2035 colligit
691 1958 940 2037 fortiter,
973 1971 1130 2020 ornat
1159 1959 1393 2021 excelse
1412 2006 1428 2037 ,
1451 1968 1739 2038 postremo
1768 1961 1971 2036 docet,
2005 1958 2273 2033 delectat,

305 2041 517 2109 adlicit;
558 2042 688 2120 quid
723 2045 990 2119 maxime,
1039 2043 1291 2104 dubites:
1343 2044 1540 2102 crebra
1582 2036 2041 2123 ἐνθυμήματα,
2090 2042 2275 2102 crebri

306 2124 641 2204 syllogismi,
672 2129 1077 2203 circumscripti
1103 2136 1161 2186 et
1192 2127 1415 2202 effecti,
1450 2126 1600 2204 quod
1627 2127 1755 2186 stilo
1786 2144 2010 2205 quoque
2044 2126 2277 2203 adsequi

307 2223 565 2285 magnum
587 2219 702 2270 est:
732 2209 1075 2269 incredibilis
1103 2212 1393 2277 memoria;
1442 2212 1647 2288 repetit
1672 2210 1835 2271 altius
1866 2228 2009 2288 quae
2038 2210 2173 2269 dixit
2201 2227 2277 2269 ex

262 2301 595 2370 4tempore,
639 2312 711 2354 ne
752 2294 929 2352 verbo
971 2293 1194 2370 quidem
1222 2292 1441 2357 labitur.
1497 2293 1586 2353 Ad
1614 2303 1815 2354 tantam
1844 2289 1978 2367 ἕξιν
2005 2293 2192 2353 studio
2216 2303 2276 2353 et
2290 2305 2362 2357 25

308 2378 709 2437 exercitatione
737 2379 1022 2453 pervenit:
1047 2394 1171 2435 nam
1197 2377 1395 2437 diebus
1432 2387 1489 2438 et
1518 2378 1777 2438 noctibus
1807 2377 1940 2437 nihil
1968 2376 2116 2437 aliud
2138 2379 2273 2453 agit,

260 2459 443 2520 5nihil
485 2459 662 2536 audit,
707 2459 842 2519 nihil
883 2459 1144 2537 loquitur.
1206 2460 1425 2520 Annum
1465 2464 1908 2539 sexagessimum
1939 2463 2190 2521 excessit
2218 2469 2277 2519 et

305 2542 486 2602 adhuc
518 2542 890 2604 scholasticus
922 2552 1131 2603 tantum
1161 2553 1280 2613 est;
1326 2562 1437 2623 quo
1466 2565 1678 2623 genere
1713 2546 1989 2605 hominum
2016 2544 2152 2603 nihil
2181 2552 2280 2603 aut

305 2628 578 2686 sincerius
608 2635 701 2685 aut
738 2627 1044 2705 simplicius
1087 2637 1179 2688 aut
1217 2628 1434 2689 melius.
1492 2628 1613 2690 Nos
1644 2631 1788 2689 enim
1817 2630 1910 2708 qui
1938 2631 1991 2687 in
2020 2628 2143 2687 foro
2175 2646 2275 2686 vc-

303 2713 494 2788 risque
524 2707 713 2769 litibus
744 2713 971 2769 terimur
999 2710 1228 2771 multum
1268 2713 1539 2790 malitiae,
1576 2714 1823 2791 quamvis
1863 2711 2134 2787 nolimus,
2177 2710 2363 2771 acl-30

251 2804 283 2857 6
305 2793 584 2853 discimus.
653 2791 862 2853 Schola
888 2804 947 2854 et
975 2795 1300 2855 auditorium
1329 2807 1386 2857 et
1415 2798 1545 2856 ficta
1589 2815 1754 2857 causa
1785 2815 1881 2857 res
1922 2796 2148 2856 inermis
2189 2797 2273 2855 in-

302 2878 468 2935 noxia
497 2883 617 2951 est,
659 2894 768 2936 nec
795 2879 973 2938 minus
1003 2878 1169 2957 felix,
1214 2881 1444 2941 senibus
1476 2882 1824 2959 praesertim.
1882 2879 2021 2939 Nam
2050 2877 2183 2957 quid
2216 2880 2274 2938 in

258 2967 598 3021 7senectute
621 2958 842 3021 felicius
866 2979 1027 3039 quam
1054 2963 1203 3040 quod
1224 2961 1605 3026 dulcissimum
1632 2974 1719 3025 est
1744 2968 1801 3025 in
1828 2960 2092 3024 iuventa?
2123 2962 2273 3036 Qua-

302 3061 365 3100 re
395 3057 504 3117 ego
541 3038 761 3103 Isaeum
789 3063 906 3120 non,
943 3046 1364 3108 disertissimum
1395 3058 1604 3108 tantum
1633 3066 1827 3108 verum
1858 3050 2023 3108 etiam
2063 3048 2272 3107 beatis-

303 3127 499 3183 simum
539 3126 758 3205 iudico,
804 3147 970 3207 quem
1001 3140 1061 3189 tu
1095 3133 1203 3191 nisi
1233 3148 1586 3209 cognoscere
1623 3132 2017 3207 concupisciS,
2063 3138 2355 3192 saxeus35

254 3205 638 3286 Sferreusque
664 3230 744 3271 es.
806 3211 1043 3273 Proinde
1086 3217 1134 3274 si
1161 3232 1273 3274 non
1307 3215 1381 3275 ob
1413 3214 1518 3274 alia
1537 3232 1755 3293 nosque
1786 3216 1978 3293 ipsos,
2009 3214 2079 3273 ad
2111 3223 2271 3273 certe

301 3298 360 3348 ut
387 3290 536 3351 hunc
567 3294 755 3357 audias
773 3342 790 3374 ,
820 3300 966 3358 veni.
1012 3297 1395 3375 Numquamne
1424 3297 1613 3374 legisti
1646 3298 1967 3359 Gaditanum
1996 3299 2271 3375 quendam

301 3371 406 3432 Titi
444 3373 560 3436 Livi
609 3383 830 3442 nomine
871 3380 1162 3459 gloriaque
1207 3391 1541 3441 commotum
1590 3383 1658 3443 ad
1701 3382 1992 3442 visendum
2033 3400 2160 3442 eum
2197 3381 2270 3441 ab

1028 3497 1063 3516 fi

2299 1052 2373 1102 10
