2467 3850
695 168 1212 231 EPISTULARUM
1243 169 1394 232 VIII.
1439 183 1489 234 5.
1514 181 1565 235 6.
2027 170 2146 235 157
2231 220 2237 226 .

160 325 371 385 bonum
399 334 508 383 tam
536 322 629 383 diu
656 325 862 383 tenuit:
903 323 1007 384 sed
1033 323 1165 383 hinc
1193 325 1371 401 magis
1414 324 1782 384 exacerbatur
1822 323 1971 401 quod
2017 325 2147 382 ami-

163 410 255 468 sit.
299 407 441 467 Nam
467 406 715 468 fruendis
738 407 1119 486 voluptatibus
1150 410 1359 467 crescit
1388 407 1611 468 carendi
1641 407 1821 467 dolor.
1865 406 1979 466 Ero
2003 425 2143 483 ergo
2160 414 2194 464 3

164 508 478 570 suspensus
509 509 612 570 pro
643 491 865 551 homine
897 492 1232 551 amicissimo
1250 536 1268 567 ‚
1312 490 1440 550 dum
1466 490 1757 550 admittere
1786 500 2144 550 avocamenta

165 583 224 635 et
256 576 578 634 cicatricem
605 576 719 652 pati
748 576 962 653 possit,
1004 592 1167 653 quam
1207 574 1343 634 nihil
1375 593 1557 653 aeque
1587 592 1653 633 ac
1683 576 2001 634 necessitas
2026 576 2145 652 ipsa

115 674 148 725 5
165 667 222 718 et
256 658 378 719 dies
408 657 579 735 longa
607 668 666 719 et
694 660 922 718 satietas
951 657 1164 718 doloris
1192 657 1421 719 inducit.
1480 656 1643 723 ,Vale.

1104 789 1202 850 VI.

687 889 742 940 c,
779 889 1026 941 PLINIUS
1060 888 1370 940 MONTANO
1410 887 1528 939 SUO
1572 888 1624 941 S.

291 992 647 1071 Cognovisse
674 998 781 1054 iam
809 1014 880 1056 ex
910 995 1151 1075 epistula
1177 1013 1301 1055 mea
1329 994 1507 1055 debes
1535 995 1834 1054 adnotasse
1856 1011 1946 1053 me
1968 1013 2149 1073 nuper
2168 1004 2196 1055 1

86 1097 151 1149 10
166 1088 581 1139 monumentum
620 1079 879 1140 Pallantis
925 1081 1031 1140 sub
1067 1079 1173 1139 hac
1209 1080 1576 1158 inscriptione
1619 1078 1772 1137 ‘huic
1813 1088 2038 1139 senatus
2071 1079 2146 1137 ob

168 1162 339 1222 fidem
380 1164 756 1241 pietatemque
803 1180 941 1240 erga
985 1173 1255 1241 patronos
1289 1170 1609 1222 ornamenta
1635 1164 1916 1240 praetoria
1946 1161 2145 1222 decre-

164 1248 247 1305 vit
282 1253 339 1305 et
366 1247 687 1305 sestertium
715 1250 930 1307 centies
946 1248 1366 1326 quinquagies,
1412 1248 1574 1306 cuius
1600 1245 1815 1306 honore
1845 1254 2143 1305 contentus

166 1329 316 1389 fuit?
380 1328 584 1389 Postea
624 1330 755 1389 mihi
795 1333 977 1391 visum
1022 1341 1112 1391 est
1151 1331 1396 1410 pretium
1442 1347 1654 1409 operae
1693 1330 1878 1407 ipsum
1918 1339 2196 1389 senatus2

170 1411 489 1473 consultum
532 1430 825 1491 quaerere.
879 1412 1073 1474 Inveni
1112 1425 1222 1475 tam
1265 1415 1561 1493 copiosum
1593 1423 1652 1473 et
1682 1413 1923 1475 effusum
1960 1421 2020 1473 ut
2050 1412 2147 1472 ille

86 1511 151 1564 15
171 1497 605 1576 superbissimus
627 1496 819 1557 titulus
851 1498 1104 1558 modicus
1135 1497 1319 1575 adque
1344 1499 1510 1557 etiam
1533 1497 1810 1558 demissus
1834 1497 2146 1557 videretur:

171 1580 573 1657 conserantque
602 1598 666 1640 se
684 1627 702 1658 ‚
732 1598 844 1641 non
875 1580 1003 1640 dico
1032 1580 1115 1640 illi
1142 1591 1372 1642 veteres
1390 1627 1408 1658 ,
1437 1582 1717 1656 Africani,
1743 1579 1999 1658 Achaici,
2032 1580 2148 1640 Nu-

167 1665 413 1740 mantini,
440 1663 541 1724 sed
566 1664 622 1723 hi
646 1666 912 1741 proximi,
944 1663 1135 1741 Marii,
1166 1664 1379 1739 Sullae,
1412 1664 1686 1742 Pompeii,
1715 1662 1849 1723 nolo
1877 1663 2147 1742 progredi

169 1747 424 1825 longius;
460 1747 600 1807 infra
621 1747 881 1807 Pallantis
908 1747 1104 1809 laudes
1134 1748 1417 1808 iacebunt.
1473 1747 1727 1807 Urbanos
1758 1749 1852 1824 qui
1880 1746 1977 1806 illa
2011 1766 2143 1808 cen·
2164 1754 2199 1806 3

170 1840 401 1892 suerunt
435 1840 625 1909 putem
651 1850 718 1894 an
751 1829 1030 1892 miseros?
1072 1830 1340 1891 Dicerem
1370 1832 1646 1905 urbanos,
1692 1831 1740 1890 si
1764 1840 2016 1890 senatum
2048 1830 2145 1890 de-

87 1925 331 1983 wceret
371 1916 680 1984 urbanitas;
719 1918 988 1993 miseros,
1035 1914 1138 1977 sed
1171 1932 1336 1976 nemo
1377 1926 1487 1976 tam
1516 1916 1689 1975 miser
1716 1922 1805 1974 est
1834 1922 1893 1973 ut
1925 1912 2020 1973 illa
2051 1933 2146 1974 co-

169 2009 352 2078 gatur.
410 2000 657 2059 Ambitio
697 2018 835 2078 ergo
867 2011 923 2061 et
953 2000 1301 2078 procedendi
1331 1998 1535 2059 libido:
1578 1998 1682 2058 sed
1712 2000 1837 2075 quis
1871 1997 2014 2057 adeo
2049 1997 2146 2056 de-

169 2103 329 2144 mens
361 2093 419 2143 ut
450 2102 554 2163 per
597 2102 788 2161 suum,
830 2102 936 2163 per
970 2085 1260 2164 publicum
1299 2084 1551 2144 dedecus
1574 2082 1891 2159 procedere
1925 2079 2064 2140 velit
2091 2083 2146 2140 in

170 2185 241 2229 ea
281 2169 504 2227 civitate
555 2169 611 2227 in
645 2186 751 2246 qua
790 2169 882 2228 hic
923 2178 1080 2229 esset
1125 2187 1262 2228 usus
1302 2167 1729 2228 florentissimae
1764 2165 2045 2242 dignitatis
2087 2172 2149 2223 ut

171 2253 383 2331 primus
422 2252 477 2310 in
519 2262 714 2312 senatu
755 2251 977 2313 laudare
1018 2251 1323 2313 Pallantem
1360 2248 1601 2330 posset?
1643 2250 1805 2310 Mitto
1846 2249 1999 2327 quod
2029 2248 2202 2312 Pal-4

90 2335 306 2398 251anti
338 2351 506 2395 servo
535 2338 813 2413 praetoria
841 2346 1157 2397 ornamenta
1196 2337 1534 2404 offeruntur3
1584 2336 1797 2413 quippe
1837 2334 2149 2394 offeruntur

169 2438 204 2479 a
235 2421 447 2479 servis:
486 2422 645 2480 mitto
688 2420 840 2499 quod
881 2430 1115 2482 censent
1153 2438 1266 2481 non
1306 2418 1707 2480 exhortandum
1745 2418 1913 2478 modo
1952 2433 2148 2477 verum

171 2504 338 2563 etiam
353 2503 821 2581 -compellendum
859 2504 928 2563 ad
967 2523 1126 2565 usum
1165 2522 1459 2564 aureorum
1486 2502 1803 2570 anulorum;
1849 2512 1969 2562 erat
2000 2502 2148 2560 enim

173 2595 368 2646 contra
396 2588 743 2647 maiestatem
773 2596 1030 2666 senatus,
1063 2590 1111 2647 si
1139 2588 1341 2648 ferreis
1368 2588 1682 2666 praetorius
1714 2594 1982 2645 uteretur.
2039 2583 2144 2643 Le·
2164 2597 2196 2645 5

169 2671 258 2729 via
286 2670 428 2729 haec
463 2677 521 2729 et
546 2669 908 2736 transeunda;
947 2669 1041 2729 illa
1073 2670 1457 2746 memoranda,
1505 2668 1656 2747 quod
1685 2671 1908 2727 nomine
1931 2666 2145 2726 Pallan-

87 2756 244 2823 3otis
277 2762 527 2828 senatus,
560 2772 667 2813 nec
697 2755 918 2831 expiata
946 2762 1147 2829 postea
1183 2757 1335 2814 curia
1364 2762 1475 2828 est,
1508 2751 1768 2811 Pallantis
1799 2752 2022 2810 nomine
2054 2767 2145 2807 se·

170 2846 331 2897 natus
372 2838 577 2911 gratias
619 2838 733 2912 agit
771 2834 1000 2895 Caesari
1050 2837 1201 2915 quod
1243 2846 1301 2896 et
1342 2839 1480 2915 ipse,
1508 2853 1633 2894 cum
1677 2850 1891 2893 summo
1930 2832 2145 2891 honore

169 2919 509 2980 mentionem
538 2921 660 2978 eius
687 2929 1025 2998 prosecutus
1057 2930 1214 2980 esset
1235 2928 1295 2979 et
1317 2920 1533 2979 senatui
1561 2915 1882 2976 facultatem
1910 2915 2147 2975 fecisset

170 3002 413 3065 testandi
442 3020 580 3079 erga
609 3021 736 3062 eum
762 3002 1212 3063 benivolentiam.
1258 3001 1406 3075 Quid
1437 3003 1583 3061 enim
1612 3001 1828 3059 senatui
1855 2997 2144 3078 pulchrius
2164 3012 2198 3064 6

173 3105 338 3167 quam
375 3095 436 3145 ut
476 3104 615 3165 erga
659 3085 961 3146 Pallantem
1000 3087 1135 3146 satis
1178 3096 1369 3164 gratus
1410 3079 1733 3144 videretur?
1782 3082 2018 3144 Additur
2061 3088 2146 3143 ‘ut

88 3170 381 3247 35Pallas‚
418 3172 510 3230 cui
558 3189 624 3231 se
658 3187 853 3231 omnes
880 3187 986 3248 pro
1019 3169 1164 3229 virili
1192 3180 1352 3249 parte
1395 3167 1677 3244 obligatos
1715 3166 1989 3243 fatentur,
2034 3169 2145 3228 sin-

174 3254 384 3332 gularis
425 3254 590 3331 fidei,
636 3253 933 3332 singularis
974 3253 1277 3314 industriae
1308 3253 1549 3313 fructum
1577 3252 1931 3312 meritissimo
1955 3251 2143 3311 ferat?

173 3337 428 3398 Prolatos
457 3339 674 3418 imperii
705 3340 880 3415 fines,
923 3337 1174 3399 redditos
1214 3338 1496 3399 exercitus
1528 3338 1611 3396 rei
1639 3335 1899 3413 publicae
1924 3335 2143 3395 credas.

173 3421 492 3482 Adstruitur
511 3423 598 3484 his
628 3428 780 3483 ‘cum
801 3424 1016 3484 senatui
1035 3422 1360 3503 populoque
1379 3420 1628 3483 Romano
1647 3418 1997 3483 liberalitatis
2018 3435 2143 3496 gra-
2162 3423 2194 3477 7
