2467 3850
332 165 415 228 14
1177 162 1246 224 G.
1288 162 1480 225 PLINI

1253 315 1379 376 XV.

744 414 799 465 C.
836 412 1086 465 PLINIUS
1121 413 1405 466 SEPTIGIO
1430 316 1653 466 &Alto
1690 414 1811 467 SUO
1847 414 1900 466 S.

287 542 317 593 1
452 530 608 592 Heus
647 542 708 592 tu
749 533 1027 611 promittis
1065 531 1136 592 ad
1175 551 1374 593 cenam
1414 552 1525 593 nec
1574 531 1764 593 venis!
1814 531 2052 592 Dicetur
2087 533 2201 592 ius:
2244 533 2316 593 ad

284 625 519 677 2assem
540 615 862 695 inpendium
883 616 1113 694 reddes,
1143 636 1254 677 nec
1277 617 1335 676 id
1356 617 1655 677 modicum.
1696 615 1921 675 Paratae
1953 625 2110 675 erant
2138 616 2313 676 lactu·

333 719 436 760 cae
465 697 753 777 singulae,
799 699 1073 760 cochleae
1103 710 1331 777 ternae,
1376 719 1481 761 ova
1512 702 1672 777 bina,
1710 699 1852 760 alica
1884 718 2008 758 cum
2039 699 2222 761 mulso
2252 705 2361 761 et5

330 786 462 843 nive
484 784 641 862 (nam
660 783 801 843 hanc
827 802 1054 862 quoque
1080 784 1454 863 computabis,
1487 787 1652 845 immo
1675 784 1819 844 hanc
1843 785 1895 842 in
1920 786 2137 862 primis,
2170 803 2317 863 quae

330 870 499 946 periit
528 870 584 929 in
606 866 883 946 ferculo),
916 868 1121 946 olivae,
1152 869 1400 947 betacei,
1436 869 1780 945 cucurbitae,
1821 867 1996 945 bulbi,
2027 867 2134 928 alia
2161 868 2318 929 mille

331 969 444 1010 non
477 954 654 1011 minus
686 949 854 1012 lauta.
897 953 1176 1013 Audisses
1205 952 1513 1013 comoedos
1542 952 1636 1013 vel
1665 951 1941 1011 lectorem
1961 949 2055 1010 vel
2077 952 2317 1027 lyristen

286 1035 464 1114 3vel,
512 1054 654 1115 quae
694 1054 820 1096 mea
864 1035 1201 1113 liberalitas,
1248 1054 1465 1098 omnes.
1526 1036 1618 1097 Ad
1658 1045 1715 1095 tu
1748 1033 1895 1114 apud
1921 1039 2119 1095 nescio
2150 1055 2318 1115 quem

317 1130 553 1196 «ostrea,
593 1119 828 1198 vulvas,
865 1120 1135 1199 echinos,
1181 1119 1473 1182 Gaditanas
1522 1120 1783 1181 maluisti.
1851 1118 2028 1179 Dabis
2074 1137 2312 1199 poenas,
2334 1134 2407 1186 lo

331 1222 444 1263 non
472 1203 601 1264 dico
632 1220 791 1282 quas.
862 1203 1016 1264 Dure
1057 1204 1280 1266 fecisti:
1324 1205 1609 1282 invidisti,
1641 1205 1841 1265 nescio
1880 1221 1949 1263 an
1985 1205 2120 1282 tibi,
2158 1215 2315 1265 certe

332 1287 488 1363 mihi,
522 1287 628 1349 sed
656 1297 839 1348 tamen
870 1299 928 1348 et
961 1290 1081 1348 tibi.
1125 1288 1402 1362 Quantum
1431 1306 1536 1350 nos
1566 1289 1932 1363 lusissemus,
1967 1289 2316 1366 risissemus,

286 1370 773 1432 4studuissemus!
819 1371 990 1432 Potes
1021 1374 1338 1451 apparatius
1383 1391 1587 1433 cenare
1618 1373 1765 1451 apud
1787 1371 2014 1448 multos,
2046 1391 2319 1452 nusquam

332 1455 561 1520 hilarius
603 1454 923 1533 simplicius
964 1458 1263 1517 incautius·
1320 1455 1385 1516 In
1419 1475 1650 1534 summa,
1683 1458 1970 1534 experire,
2004 1466 2061 1516 et
2083 1459 2191 1517 nisi
2216 1473 2319 1535 po-

333 1549 456 1600 stea
494 1548 554 1600 te
593 1538 716 1600 aliis
761 1542 951 1618 potius
982 1540 1387 1619 excusaveris,
1433 1540 1567 1600 mihi
1596 1557 1824 1620 semper
1853 1558 2083 1601 excusa.
2152 1540 2318 1601 Vale.
2336 1549 2403 1601 15

1244 1692 1398 1753 XVI.

895 1789 949 1840 c.
988 1791 1234 1843 PLINIUS
1272 1790 1505 1843 ERUclo
1544 1791 1661 1844 suo
1698 1790 1750 1846 S.

294 1922 324 1972 1
463 1908 732 1970 Amabam
746 1908 1073 1990 Pompeium
1086 1911 1460 1990 Saturninum,
1489 1910 1639 1972 hunc
1670 1911 1798 1972 dico
1826 1920 2099 1988 nostrum,
2129 1908 2319 1970 lauda-

335 1995 573 2072 bamque
605 1997 726 2053 eius
766 1997 1081 2074 ingenium,
1125 1999 1292 2056 etiam
1330 2006 1624 2073 antequam
1652 1998 1860 2056 scirem
1890 2014 2053 2076 quam
2078 1996 2317 2073 varium,
2334 2005 2409 2058 20

334 2095 498 2155 quam
533 2076 819 2154 flexibile,
871 2098 1034 2158 quam
1078 2079 1377 2158 multiplex
1419 2088 1605 2139 esset:
1653 2098 1801 2140 nunc
1846 2098 1986 2140 vero
2017 2089 2195 2139 totum
2224 2098 2319 2142 me

288 2169 517 2236 2tenet,
548 2159 738 2236 habet,
773 2164 1051 2239 possidet.
1090 2163 1258 2222 Audii
1284 2180 1480 2223 causas
1510 2173 1772 2241 agentem
1804 2166 2011 2224 acriter
2037 2173 2096 2223 et
2117 2162 2320 2223 arden-

332 2255 423 2304 ter
450 2261 559 2303 nec
594 2245 774 2304 minus
805 2246 982 2323 polite
1018 2254 1077 2305 et
1105 2257 1300 2306 ornate
1318 2292 1336 2323 ,
1382 2249 1504 2307 sive
1533 2246 1793 2308 meditata
1819 2250 1942 2309 sive
1972 2248 2155 2309 subita
2182 2265 2319 2326 pro·

332 2329 530 2388 ferret.
565 2325 785 2388 Adsunt
819 2340 1019 2389 acutae
1051 2331 1402 2409 crebraeque
1433 2334 1767 2408 sententiae,
1795 2334 1988 2411 gravis
2017 2341 2074 2391 et
2106 2331 2321 2392 decora

334 2412 714 2489 constructio,
758 2415 1009 2473 sonantia
1038 2414 1211 2473 verba
1241 2425 1299 2474 et
1329 2417 1572 2495 antiqua.
1628 2416 1822 2477 Omnia
1852 2416 1994 2476 haec
2024 2417 2163 2476 mire
2196 2415 2318 2494 pla-
2335 2428 2409 2481 25

334 2504 487 2571 cent,
519 2511 646 2552 cum
675 2497 887 2573 impetu
919 2496 1157 2576 quodam
1185 2509 1244 2559 et
1278 2499 1502 2559 flumine
1533 2499 1949 2579 pervehuntur,
1981 2500 2233 2578 placent,
2266 2503 2319 2559 si

284 2587 721 2645 3retractentur.
785 2580 1014 2641 Senties
1046 2582 1196 2660 quod
1229 2602 1377 2661 ego,
1411 2600 1536 2644 cum
1566 2586 1847 2646 orationes
1878 2587 2001 2645 eius
2036 2586 2092 2644 in
2120 2602 2318 2644 manus

332 2664 671 2741 sumpseris,
703 2682 841 2743 quas
870 2663 1040 2724 facile
1069 2666 1304 2728 cuilibet
1329 2677 1613 2745 veterum,
1656 2686 1890 2748 quorum
1918 2679 2008 2729 est
2036 2667 2316 2744 aemuluS,

288 2746 710 2825 4comparabis.
773 2747 930 2808 Idem
956 2758 1141 2810 tamen
1169 2753 1226 2811 in
1256 2753 1489 2813 historia
1515 2754 1693 2829 magis
1721 2752 2032 2814 satisfaciet
2060 2751 2156 2812 vel
2185 2752 2318 2811 bre-

330 2834 504 2890 vitate
535 2829 629 2889 vel
658 2830 788 2891 luce
821 2831 917 2892 vel
947 2837 1218 2896 suavitate
1246 2835 1342 2897 vel
1370 2834 1674 2915 splendore
1700 2837 1866 2897 etiam
1888 2846 1946 2897 et
1968 2834 2315 2897 sublimitate
2334 2850 2415 2905 30

333 2913 605 2974 narrandi.
666 2913 806 2975 Nam
850 2918 905 2975 in
947 2921 1303 2981 contionibus
1335 2921 1531 2980 eadem
1562 2938 1704 2998 quae
1747 2922 1803 2980 in
1839 2920 2184 2981 orationibus
2224 2922 2317 2981 vis

286 3009 318 3061 5
337 3007 447 3075 est,
480 3000 734 3076 pressior
764 3009 946 3060 tamen
973 3011 1032 3061 et
1061 3005 1543 3083 circumscriptior
1570 3014 1627 3065 et
1658 3003 1968 3064 adductior.
2013 3003 2320 3064 Praeterea

334 3082 469 3142 facit
510 3100 747 3160 versus,
788 3083 985 3162 quales
1029 3084 1283 3149 Catullus
1312 3098 1406 3148 aut
1437 3086 1665 3149 Calvus.
1701 3087 1977 3161 Quantum
2004 3087 2122 3149 illis
2150 3086 2317 3167 lepo-

332 3167 447 3243 ris,
492 3164 838 3245 dulcedinis,
877 3171 1295 3247 amaritudinis,
1335 3171 1567 3233 amoris!
1608 3173 1807 3232 inserit
1836 3191 2004 3249 sane,
2052 3172 2158 3233 sed
2186 3172 2320 3233 data

333 3266 529 3327 opera,
557 3249 820 3313 mollibus
844 3251 1184 3334 levibusque
1216 3254 1572 3317 duriusculos
1607 3256 1898 3334 quosdam,
1930 3266 1988 3317 et
2015 3258 2128 3318 hoc
2150 3259 2314 3336 quasi
2334 3268 2414 3322 35

282 3330 586 3414 GUCatullus
620 3345 712 3396 aut
741 3335 968 3399 Calvus.
1035 3337 1201 3415 Legit
1233 3337 1367 3397 mihi
1394 3356 1576 3418 nuper
1603 3338 1905 3418 epistulas;
1948 3343 2142 3402 uxoris
2173 3361 2314 3403 esse

333 3416 583 3480 dicebat:
631 3418 881 3485 Plautum
922 3422 1019 3483 vel
1054 3421 1378 3483 Terentium
1414 3431 1595 3483 metro
1635 3422 1879 3485 solutum
1910 3424 2030 3503 legi
2072 3424 2314 3487 credidi.
