2467 3850
611 150 1132 214 EPISTULARUM
1174 151 1352 214 v1111.
1397 162 1484 218 27.
1513 162 1598 217 28.
1621 162 1708 218 29.
2044 155 2161 218 191

169 308 295 369 eius
325 308 381 366 in
411 305 576 367 alium
604 306 751 366 diem
779 315 1185 368 reservaverat.
1240 305 1399 367 Ecce
1428 308 1590 367 amici
1623 306 1910 368 cuiusdam
1939 317 2162 369 orantes
2181 322 2214 374 2

168 392 656 469 obsecrantesque
684 411 756 451 ne
786 390 1003 469 reliqua
1031 392 1315 451 recitaret.
1371 388 1578 452 Tantus
1618 391 1874 452 audiendi
1906 411 2049 470 quae
2078 393 2161 451 fe-

169 477 354 535 cerint
391 475 571 553 pudor
593 476 798 554 quibus
821 474 1007 534 nullus
1033 474 1282 534 faciendi
1301 493 1444 552 quae
1470 475 1661 535 audire
1686 477 2050 537 erubescunt.
2087 477 2162 536 Et

166 557 268 618 ille
301 559 525 637 quidem
556 561 833 638 praestitit
864 558 1015 637 quod
1043 559 1377 635 rogabatur:
1409 560 1629 619 sinebat
1659 559 1819 620 fides.
1879 559 2048 621 Liber
2082 571 2162 621 ta-

111 660 150 715 5
168 661 299 702 men
328 651 388 702 ut
417 643 626 703 factum
657 645 839 722 ipsum
868 652 1072 720 manet,
1104 643 1346 702 manebit
1368 642 1709 722 legeturque
1732 662 1978 722 semper,
2009 655 2162 706 tanto

166 728 384 805 magis,
433 730 560 806 quia
590 744 703 786 non
745 730 947 786 statim.
1016 725 1322 787 Incitantur
1362 728 1510 787 enirn
1543 727 1799 787 homines
1837 729 1907 789 ad
1950 747 2162 808 cogno-

166 811 383 872 scenda
413 830 556 890 quae
587 811 930 872 differuntur.
994 809 1153 870 Vale.

1028 945 1290 1006 XXVIII.

78 1073 150 1126 10
725 1043 782 1099 G.
816 1045 1061 1096 PLINIUS
1096 1044 1365 1095 ROMANO
1397 1044 1518 1096 SUO
1557 1044 1609 1094 S.

293 1145 429 1209 Post
459 1148 688 1226 longum
717 1159 942 1228 tempus
966 1149 1237 1228 epistulas
1267 1159 1412 1227 tuas,
1445 1148 1548 1210 sed
1570 1158 1687 1208 tres
1709 1151 1920 1228 pariter
1938 1150 2157 1227 recepi,
2180 1165 2209 1216 1

165 1250 362 1293 omnes
395 1232 844 1309 elegantissimas
876 1235 1299 1312 amantissimaS,
1332 1243 1390 1293 et
1408 1233 1603 1312 quales
1624 1243 1728 1293 ate
1748 1234 1966 1311 venire,
1998 1250 2159 1312 prae·

164 1319 358 1377 sertim
384 1316 751 1394 desideratas,
784 1319 1113 1395 oportebat:
1146 1336 1377 1396 quarum
1408 1336 1511 1376 una
1538 1319 1781 1394 iniungis
1807 1318 1939 1376 mihi
1965 1319 2159 1376 iucun-

163 1400 450 1461 dissimum
478 1404 843 1461 ministerium
871 1411 931 1462 ut
977 1401 1045 1461 ad
1076 1402 1384 1478 Plotinam,
1428 1403 1833 1462 sanctissimam
1874 1401 2155 1477 feminam,

75 1498 144 1550 15
163 1483 384 1544 litterae
415 1494 544 1545 tuae
576 1486 960 1564 perferantur:
992 1486 1369 1564 perferentur.
1415 1485 1629 1545 Eadem
1660 1485 2019 1545 commendas
2051 1484 2156 1544 Po·
2177 1498 2211 1550 2

159 1568 355 1648 pilium
368 1569 758 1629 Artemisium:
789 1572 974 1630 statim
993 1572 1248 1648 praestiti
1280 1569 1429 1647 quod
1456 1570 1704 1648 petebat.
1751 1568 1972 1629 Indicas
1994 1571 2157 1629 etiam

156 1652 410 1713 modicas
438 1663 498 1713 te
535 1654 844 1713 vindemias
890 1653 1231 1730 collegisse:
1280 1656 1586 1712 communis
1613 1653 1757 1712 haec
1787 1653 1918 1713 mihi
1947 1664 2158 1734 tecum,

158 1754 490 1816 quamquam
521 1738 575 1795 in
607 1737 990 1796 diversissima
1022 1747 1182 1815 parte
1215 1745 1508 1813 terrarum,
1542 1734 1795 1814 querella
1817 1746 1925 1797 est.
1965 1737 2213 1802 Altera3

159 1821 403 1899 epistula
439 1824 659 1881 nuntias
700 1820 872 1880 multa
912 1830 972 1881 te
1014 1839 1161 1880 nunc
1204 1821 1418 1880 dictare
1466 1838 1613 1879 nunc
1655 1819 1911 1879 scribere
1955 1821 2159 1898 quibus

71 1921 266 1975 20nos
293 1906 396 1966 tibi
422 1915 852 1985 repraesentes:
898 1906 1104 1983 gratias
1151 1921 1292 1982 ag0;
1343 1922 1573 1982 agerem
1612 1904 1822 1980 magiS,
1868 1904 1916 1964 si
1943 1920 2034 1964 me
2065 1904 2162 1966 illa

156 1991 284 2068 ipsa
314 2008 457 2069 quae
489 1992 692 2051 scribis
727 2000 821 2050 aut
864 1989 1041 2049 dictas
1072 1989 1273 2067 legere
1303 1989 1606 2049 voluisses.
1668 1987 1743 2048 Et
1772 1997 1892 2048 erat
1919 2006 2160 2066 aequum

155 2081 222 2133 ut
259 2084 319 2135 te
359 2091 483 2135 mea
524 2077 599 2134 ita
641 2092 732 2135 me
777 2084 870 2134 tua
911 2076 1121 2152 scripta
1163 2090 1557 2151 cognoscere,
1612 2073 1831 2132 etiamsi
1883 2072 1952 2132 ad
1992 2071 2158 2133 alium

158 2176 324 2236 quam
353 2158 422 2217 ad
447 2176 537 2219 me
568 2161 933 2237 pertinerent.
991 2157 1289 2218 Polliceris
1319 2160 1375 2217 in
1404 2159 1544 2233 fine,
1583 2174 1708 2216 cum
1740 2157 1949 2217 certius
1974 2154 2044 2217 de
2075 2159 2156 2217 vi·
2175 2167 2211 2219 4

155 2251 252 2303 tae
278 2252 506 2302 nostrae
536 2243 883 2304 ordinatione
929 2242 1135 2322 aliquid
1177 2243 1454 2320 audieris,
1501 2243 1746 2302 futurum
1773 2250 1831 2301 te
1861 2240 2155 2319 fugitivum

70 2334 142 2388 25
159 2328 243 2386 rei
285 2325 567 2388 familiaris
604 2332 901 2407 statimque
933 2328 1002 2387 ad
1032 2345 1136 2387 nos
1166 2327 1580 2403 advolaturam,
1615 2329 1708 2405 qui
1738 2329 1844 2386 iam
1872 2327 1973 2386 tibi
2006 2345 2157 2387 com-

157 2409 340 2490 pedes
370 2414 680 2490 nectimus,
727 2432 866 2493 quas
908 2413 1270 2492 perfringere
1310 2412 1465 2472 nullo
1495 2412 1664 2472 modo
1693 2413 1898 2488 possis.
1967 2409 2154 2472 Tertia
2175 2422 2207 2472 5

156 2494 403 2574 epistula
445 2498 768 2557 continebat
816 2516 949 2557 esse
992 2497 1092 2557 tibi
1135 2496 1410 2556 redditam
1455 2498 1763 2557 orationem
1810 2512 1915 2574 pro
1958 2493 2151 2555 Clario

156 2596 397 2657 eamque
438 2582 614 2640 visam
651 2582 970 2641 uberiorem
1013 2599 1175 2659 quam
1205 2580 1431 2641 dicente
1460 2600 1583 2658 me,
1627 2580 1888 2639 audiente
1918 2589 1999 2655 te,
2031 2578 2155 2638 sue-

153 2664 247 2723 rit.
313 2662 419 2723 Est
461 2665 720 2725 uberior:
770 2664 942 2724 multa
984 2667 1130 2724 enim
1171 2674 1371 2742 postea
1404 2664 1635 2724 inserui.
1700 2662 1901 2722 Adicis
1931 2662 2067 2721 alias
2095 2672 2155 2721 te

69 2747 375 2811 3olitteras
406 2749 686 2808 curiosius
716 2750 957 2827 scriptas
998 2749 1250 2808 misisse:
1293 2766 1363 2807 an
1392 2747 1713 2826 acceperim
1746 2748 2001 2822 quaeris:
2042 2762 2155 2804 non

151 2832 359 2910 accepi
401 2839 458 2891 et
499 2833 764 2910 accipere
805 2833 1012 2908 gestio.
1080 2830 1320 2892 Proinde
1364 2832 1540 2909 prima
1582 2846 1806 2908 quaque
1848 2830 2152 2889 occasione

152 2919 350 2991 mitte,
401 2915 676 2993 adpositis
707 2915 930 2994 quidem
969 2917 1185 2992 usuris,
1242 2932 1381 2993 quas
1422 2932 1535 2993 ego
1572 2915 1734 2992 (num
1762 2914 1989 2992 parcius
2017 2930 2151 2993 pos·

155 2997 354 3077 suml)
391 3001 730 3060 centesimas
762 2999 1118 3078 computabo.
1178 2997 1345 3058 Vale.

1005 3131 1290 3210 xxvnn.

700 3233 756 3288 G.
795 3232 1046 3284 PLINIUS
1083 3231 1347 3285 RUSTICO
1383 3229 1502 3283 SUO
1542 3228 1595 3280 S.

275 3336 349 3399 Ut
378 3340 550 3400 satius
580 3356 747 3398 unum
777 3338 986 3418 aliquid
1014 3340 1311 3416 insigniter
1335 3337 1528 3397 facere
1561 3352 1724 3415 quam
1765 3334 1999 3413 plurima
2029 3354 2143 3394 me·
2166 3348 2195 3399 1

157 3422 443 3503 diocriter,
466 3425 541 3486 ita
564 3422 802 3507 plurima
819 3423 1201 3504 mediocriter,
1234 3425 1413 3485 sinon
1430 3423 1619 3502 possis
1640 3438 1807 3482 unum
1831 3419 2037 3499 aliquid
2059 3421 2140 3477 in-

70 3184 140 3235 35
