2467 3850
752 189 1272 253 PANEGYRIGUS
1303 201 1588 254 50.51.52.
2037 190 2163 255 269

167 355 289 407 erat
325 345 477 425 apud
515 346 828 424 principem
867 345 998 405 huic
1039 343 1219 403 laxior
1255 343 1485 422 domus,
1547 342 1628 404 illi
1667 344 1957 404 amoenior
1995 343 2161 415 villa;

168 448 316 490 nunc
359 431 626 508 princeps
669 431 726 490 iu
755 430 897 489 haec
930 426 1128 488 eadem
1159 427 1415 488 dominos
1446 429 1697 505 quaerit,
1751 430 1877 506 ipse
1920 426 2159 488 inducit:

167 517 327 593 ipsos
358 512 490 574 illos
524 516 709 591 magni
737 510 1413 591 aliquando—imperatoris
1446 510 1676 586 hortos,
1707 510 1847 571 illud
1868 529 2164 590 numquam

165 601 276 659 nisi
308 596 570 659 Caesaris
600 597 977 659 suburbanum
1004 596 1273 673 licemur,
1317 597 1584 672 emimus,
1628 595 1928 673 inplemus.
1992 595 2165 656 Tanta

115 702 150 752 5
167 683 487 760 benignitas
527 683 799 761 principis
818 726 836 758 ,
882 689 1034 740 tanta
1066 682 1345 744 securitas
1375 689 1692 758 temporum
1718 689 1810 741 est
1840 690 1901 740 ut
1929 679 2028 740 ille
2056 697 2163 741 uos

166 766 575 847 principalibus
603 767 776 826 rebus
809 766 1090 826 existimet
1122 764 1359 842 dignos,
1390 779 1496 823 uos
1522 780 1634 824 nou
1658 765 1982 842 timeamus,
2013 763 2165 843 quod

168 852 322 928 digni
359 869 490 910 esse
522 850 793 910 videmur.
859 846 985 908 Nec
1014 865 1152 909 vero
1185 847 1407 909 emendi
1433 856 1644 907 tautum
1673 849 1891 909 civibus
1922 851 2032 909 tuis
2065 864 2163 908 co·

166 938 316 1014 piam
341 934 607 1013 praebes,
643 933 747 994 sed
775 934 1164 993 amoenissima
1194 949 1454 1012 quaeque
1478 931 1698 1009 largiris
1722 941 1778 991 et
1801 931 2004 1001 donam
2032 934 2161 1010 ista,

166 1022 424 1097 inquam,
472 1017 647 1078 donas
689 1019 745 1077 in
787 1035 930 1096 quae
958 1016 1213 1093 electus,
1260 1018 1316 1076 iu
1347 1033 1490 1094 quae
1520 1015 1815 1093 adoptatus
1847 1036 1943 1077 es:
1984 1026 2163 1078 trans-

84 1118 154 1170 10
169 1103 289 1162 fers
330 1101 481 1180 quod
520 1103 727 1163 iudicio
768 1103 1078 1179 accepisti,
1124 1119 1191 1161 ac
1220 1098 1356 1160 nihil
1391 1101 1568 1178 magis
1600 1109 1751 1159 tuum
1784 1100 1969 1161 credis
2000 1119 2165 1179 quam

171 1186 326 1264 quod
354 1205 461 1265 per
487 1187 698 1247 amicos
725 1186 925 1246 habes.

295 1269 449 1330 Idem
487 1279 598 1330 tam
640 1288 844 1350 parcus
882 1271 937 1329 iu
975 1267 1322 1329 aedificando
1366 1285 1530 1346 quam
1570 1267 1814 1346 diligens
1844 1270 1899 1329 in
1929 1267 2156 1328 tuendo.
2183 1261 2262 1326 51

171 1352 371 1433 Itaque
401 1371 513 1415 nou
529 1400 547 1431 ,
579 1364 640 1415 ut
666 1362 794 1414 aute
811 1400 829 1431 ,
861 1355 1155 1413 inmanium
1176 1353 1595 1413 transvectione
1620 1368 1879 1414 saxorum
1900 1354 2055 1413 urbis
2077 1363 2164 1414 te·

171 1446 264 1497 cta
294 1441 627 1516 quatiuntur.
684 1439 842 1499 Stant
883 1455 1118 1497 securae
1161 1434 1359 1497 domus
1393 1455 1501 1497 nec
1530 1437 1636 1496 iam
1666 1436 1872 1516 templa
1899 1438 2162 1498 nutantia.

85 1537 154 1589 15
174 1524 326 1582 Satis
368 1532 456 1582 est
493 1524 596 1583 tibi
639 1524 1011 1599 nimiumque,
1050 1537 1173 1580 cum
1217 1522 1572 1581 successeris
1602 1521 1983 1598 frugalissimo
2012 1523 2164 1600 prin-

173 1609 320 1683 cipi;
354 1624 612 1684 magnum
641 1610 863 1664 reicere
890 1604 1101 1683 aliquid
1132 1612 1192 1662 et
1220 1612 1505 1682 amputare
1528 1621 1601 1663 ex
1632 1606 1699 1665 iis
1731 1623 1875 1683 quae
1897 1608 2167 1685 princeps

171 1699 450 1767 tamquam
478 1692 802 1751 necessaria
832 1688 1076 1766 reliquit.
1142 1686 1443 1747 Praeterea
1475 1697 1639 1766 pater
1665 1698 1792 1750 tuus
1820 1691 2014 1749 usibus
2044 1691 2165 1751 suis

172 1774 500 1834 detrahebat
541 1792 684 1853 quae
725 1773 947 1859 fortuna
986 1772 1208 1849 imperii
1242 1770 1503 1845 dederat,
1556 1779 1616 1831 tu
1656 1774 1767 1833 tuis
1811 1791 1955 1851 quae
1985 1782 2165 1852 pater.

172 1859 249 1918 At
274 1876 437 1937 quam
466 1859 791 1936 magnificus
822 1859 877 1916 in
912 1855 1197 1936 publicum
1227 1852 1336 1916 es?
1394 1854 1535 1915 Hinc
1574 1858 1865 1935 porticus,
1908 1857 2037 1917 inde
2068 1856 2166 1917 de-

84 1957 157 2008 20
175 1943 337 2002 lubra
378 1942 601 2002 occulta
641 1942 932 2001 celeritate
964 1950 1370 2019 properantur,
1424 1949 1622 2001 utnon
1657 1950 2034 2002 consummata
2062 1939 2167 2003 sed

172 2035 388 2087 tantum
425 2034 736 2085 conmutata
773 2025 1085 2087 videantur.
1152 2024 1294 2084 Hinc
1326 2027 1638 2085 inmensum
1667 2024 1813 2085 latus
1845 2026 1980 2083 circi
2026 2033 2164 2085 tem·

172 2109 400 2190 plorum
444 2107 909 2187 pulchritudinem
949 2118 1260 2188 provocat,
1316 2108 1483 2185 digna
1521 2107 1736 2188 populo
1775 2110 1996 2168 victore
2026 2127 2164 2186 geu·

174 2197 317 2254 tium
345 2191 550 2266 sedes,
579 2211 689 2252 nec
715 2193 892 2252 minus
924 2195 1048 2272 ipsa
1078 2191 1310 2252 visenda
1338 2210 1503 2270 quam
1537 2210 1681 2272 quae
1711 2210 1785 2253 ex
1811 2191 1907 2252 illa
1940 2203 2166 2270 specta·

176 2279 412 2338 buntur:
443 2276 676 2336 visenda
703 2285 888 2335 autem
923 2295 1049 2336 cum
1079 2285 1274 2336 cetera
1302 2279 1502 2354 specie
1521 2323 1538 2353 ,
1570 2288 1685 2336 tum
1711 2275 1863 2355 quod
1893 2285 2165 2355 aequatus

88 2360 369 2442 25plebis
400 2378 468 2420 ac
500 2361 768 2439 principis
799 2359 992 2431 locus;
1035 2360 1311 2438 siquidem
1338 2380 1445 2440 per
1480 2377 1645 2420 omne
1677 2358 1916 2440 spatium
1943 2379 2050 2421 una
2083 2360 2162 2421 fa-

178 2448 339 2523 cies,
377 2447 559 2505 omnia
600 2446 862 2504 continua
897 2454 953 2504 et
1000 2447 1184 2522 paria,
1226 2462 1338 2504 nec
1375 2448 1553 2522 magis
1581 2448 1843 2524 proprius
1875 2443 2168 2526 spectandi

178 2528 410 2589 Caesari
439 2536 747 2606 suggestus
775 2547 936 2607 quam
966 2530 1193 2608 propria
1218 2547 1363 2607 quae
1387 2536 1629 2608 spectet.
1684 2529 1899 2589 Licebit
1926 2546 2066 2606 ergo
2087 2530 2166 2587 ci-

176 2614 343 2673 vibus
374 2615 486 2674 tuis
515 2624 571 2673 te
601 2614 840 2673 invicem
870 2614 1153 2673 contueri:
1207 2612 1427 2672 dabitur
1461 2631 1572 2673 nou
1614 2612 1933 2673 cubiculum
1961 2613 2167 2691 princi-

180 2698 270 2775 pis
304 2697 406 2758 sed
447 2700 630 2776 ipsum
659 2698 969 2776 principem
1010 2698 1383 2775 cernere,ssin
1422 2695 1689 2775 publico,
1730 2698 1786 2757 in
1828 2694 2044 2775 populo
2075 2713 2167 2754 se·

89 2782 436 2859 30dentem,
468 2780 718 2861 populo,
753 2778 844 2841 cui
873 2781 1129 2842 locorum
1158 2782 1404 2859 quinque
1435 2780 1584 2840 milia
1609 2779 1881 2842 adiecisti.
1909 2780 2168 2839 Auxeras

176 2867 332 2927 enim
361 2883 646 2925 numerum
670 2867 794 2926 eius
819 2866 1086 2944 congiarii
1112 2864 1378 2925 facilitate
1399 2865 1778 2944 maioremque
1801 2866 1855 2925 in
1876 2872 2168 2945 posterum

181 2948 769 3027 suscipi'liberalitatis
804 2959 933 3010 tuae
965 2950 1074 3010 fide
1105 2951 1371 3009 iusseras.

245 3036 252 3043 ’
303 3032 511 3093 Horum
538 3052 707 3093 unum
734 3035 782 3093 si
811 3034 1186 3113 praestitisset
1211 3032 1353 3093 alius
1371 3078 1388 3110 ,
1423 3034 1529 3093 iam
1558 3031 1762 3093 dudum
1789 3031 1872 3092 illi
1895 3030 2164 3093 radiatum
2187 3030 2267 3096 52

179 3126 350 3196 caput
385 3126 442 3178 et
472 3118 653 3178 media
680 3119 825 3178 iuter
854 3118 995 3179 deos
1027 3116 1198 3178 sedes
1221 3135 1356 3177 auro
1383 3126 1558 3177 staret
1585 3125 1678 3177 aut
1708 3118 1883 3178 ebore
1916 3118 2164 3194 augusti-

89 3215 160 3268 35
186 3202 498 3280 oribusque
528 3204 638 3261 aris
668 3210 727 3261 et
756 3201 1149 3279 grandioribus
1177 3203 1421 3261 victimis
1459 3202 1834 3262 invocaretur.
1893 3199 1976 3261 Tu
2008 3199 2167 3261 delu-

179 3287 280 3346 bra
312 3303 425 3345 uon
463 3287 570 3345 uisi
604 3285 931 3347 adoraturus
959 3289 1161 3362 intras,
1211 3286 1312 3347 tibi
1354 3287 1624 3346 maximus
1662 3285 1843 3346 bonor
1880 3285 2167 3346 excubare

179 3385 288 3448 pro
320 3378 435 3428 tem
477 3368 546 3430 lis
576 3370 947 3447 postibusque
980 3372 1257 3448 praetexi.
1318 3370 1415 3429 Sic
1444 3370 1505 3429 fit
1531 3379 1591 3430 ut
1620 3369 1693 3430 dii
1725 3387 1994 3430 summum
2020 3370 2169 3428 inter

181 3453 408 3517 homine
467 3453 748 3532 fastigium
777 3463 1038 3531 servent,
1072 3472 1197 3514 cum
1225 3454 1458 3516 deorum
1483 3456 1610 3533 ipse
1639 3471 1750 3515 uon
1771 3453 2026 3533 adoptes.
2056 3450 2164 3510 Ita·
