2467 3850
2303 54 2323 83 Ι

377 144 503 209 284
1211 145 1276 206 C.
1310 144 1500 206 PLINI

377 302 489 362 lita
514 308 645 359 ante
673 297 883 376 facies,
929 299 1244 378 principem
1270 308 1565 377 aequatum
1602 298 1907 359 candidatis
1939 309 1997 359 et
2025 300 2188 360 simul
2218 310 2367 380 stan·

376 394 493 444 tem
530 384 765 460 intueri,
817 400 1009 462 parem
1047 384 1459 463 accipientibus
1498 382 1771 442 honorem
1800 386 1893 461 qui
1925 383 2105 444 dabat.
2198 385 2364 458 Quod

375 468 585 528 factum
612 475 767 526 tuum
794 485 828 526 a
859 475 1064 525 cuncto
1093 476 1293 527 senatu
1328 484 1489 545 quam
1517 485 1653 526 vera
1681 467 2080 527 adclamatione
2111 468 2366 529 celebra-

375 562 492 611 tum
523 559 614 612 est
642 556 817 610 ‘tanto
842 551 1047 628 maior,
1075 560 1227 610 tanto
1259 549 1602 628 augustior’!
1629 550 1769 610 Nam
1790 552 1879 611 cui
1897 550 2031 610 nihil
2056 552 2124 612 ad
2150 569 2364 629 augen-

378 636 508 695 dum
535 635 821 711 fastigium
852 644 1151 713 superest,
1195 635 1290 694 hic
1322 652 1432 694 uno
1461 634 1629 694 modo
1662 653 1929 695 crescere
1965 646 2190 714 potest,
2224 640 2273 697 si
2305 648 2408 698 se5

375 721 503 798 ipse
533 720 864 793 summittat,
897 736 1134 778 securus
1156 718 1545 795 magnitudinis
1566 736 1719 778 suae.
1750 717 1952 796 Neque
1978 722 2123 779 enim
2150 721 2224 779 ab
2246 720 2366 780 ullo

375 800 636 882 periculo
658 801 878 861 fortuna
898 803 1210 880 principum
1242 803 1466 879 longius
1499 802 1662 862 abest
1685 819 1848 880 quam
1864 801 2205 862 humilitatis
2230 802 2367 875 Mihi

377 886 606 966 quidem
640 904 754 946 non
794 894 902 944 tam
944 884 1250 946 humanitas
1292 896 1384 945 tua
1413 904 1577 963 quam
1605 887 1840 948 intentio
1873 886 1995 945 eius
2026 886 2367 948 admirabilis
2446 911 2447 914 ¹

375 971 690 1031 videbatur.
734 968 960 1048 Quippe
986 986 1111 1028 cum
1134 970 1370 1030 orationi
1403 969 1605 1029 oculos
1633 987 1836 1029 vocem
1867 986 2083 1030 manum
2114 989 2365 1031 commo·

376 1053 576 1131 dares,
608 1064 668 1114 ut
696 1055 744 1113 si
779 1053 874 1112 alii
904 1052 1101 1112 eadem
1125 1055 1232 1113 ista
1256 1053 1613 1130 mandasses,
1646 1070 1841 1114 omnes
1873 1056 2148 1116 comitatis
2171 1073 2365 1114 nume·
2386 1063 2447 1117 10²

375 1156 472 1198 ros
514 1139 734 1198 obibas.
798 1138 988 1215 Atque
1031 1139 1227 1214 etiam,
1275 1155 1400 1197 cum
1428 1139 1647 1196 nomina
1685 1138 2114 1214 suffragatorum
2143 1138 2366 1199 honore

376 1240 492 1301 quo
520 1222 707 1281 solent
738 1223 1172 1298 exciperentur,
1206 1231 1267 1280 tu
1298 1238 1525 1298 quoque
1555 1223 1701 1280 inter
1730 1224 2081 1299 excipientes
2117 1240 2269 1301 eras,
2309 1234 2367 1283 et

377 1325 454 1366 ex
482 1323 585 1364 ore
623 1306 894 1384 principis
924 1303 1022 1364 ille
1053 1307 1368 1364 senatorius
1399 1305 1674 1364 adsensus
1706 1302 2364 1384 audiebatur,'quodque
2446 1301 2447 1364 3

375 1389 525 1468 apud
565 1390 876 1466 principem
916 1388 1217 1466 perhibere
1269 1389 1645 1448 testimonium
1690 1390 2032 1448 merentibus
2081 1390 2367 1467 gaudeba·
2446 1367 2447 1444 l

374 1489 532 1549 mus,
577 1471 977 1548 perhibebatur
1016 1490 1050 1530 a
1089 1473 1366 1550 principe.
1433 1470 1706 1532 Faciebas
1747 1489 1920 1549 ergo,
1979 1491 2105 1532 cum
2135 1473 2364 1535 diceres
2381 1483 2428 1535 15

378 1558 651 1633 optimos:
695 1574 803 1615 nec
833 1559 1081 1634 ipsorum
1120 1556 1291 1615 modo
1319 1558 1432 1615 vita
1465 1574 1498 1614 a
1538 1564 1626 1631 te,
1674 1555 1779 1616 sed
1821 1556 2084 1616 iudicium
2131 1568 2365 1618 senatus

380 1638 862 1718 conprobabatur,
920 1641 1214 1719 ornarique
1249 1659 1351 1716 se,
1397 1657 1509 1699 non
1538 1638 1669 1699 illos
1710 1642 1886 1716 magis
1917 1658 2059 1718 quos
2097 1639 2368 1701 laudabas

280 1721 358 1786 72
380 1722 703 1784 laetabatur.
749 1722 888 1782 Nam
916 1722 1065 1801 quod
1097 1734 1362 1800 precatus
1391 1742 1457 1783 es
1476 1732 1536 1782 ut
1570 1722 1665 1782 illa
1692 1725 1814 1802 ipsa
1845 1724 2115 1784 ordinatio
2148 1728 2367 1785 comiti·
2446 1719 2447 1734 ¹

376 1826 535 1868 orum
562 1808 710 1868 bene
739 1825 804 1866 ac
835 1807 1080 1866 feliciter
1101 1809 1355 1867 eveniret
1378 1807 1564 1884 nobiS,
1596 1809 1679 1866 rei
1704 1807 1988 1886 publicae,
2014 1808 2139 1886 tibi,
2180 1828 2368 1869 nonne

372 1892 487 1953 tale
530 1900 619 1953 est
659 1902 718 1952 ut
747 1910 850 1952 nos
890 1890 1041 1951 hunc
1075 1890 1327 1951 ordinem
1363 1901 1621 1952 votorum
1649 1901 1983 1953 convertere
2014 1890 2429 1954 debemusne

374 1977 515 2037 deos
556 1977 798 2055 denique
843 1976 1147 2036 obsecrare
1189 1985 1249 2036 ut
1292 1978 1472 2035 omnia
1514 1993 1657 2054 quae
1699 1976 1841 2036 facis
1884 1995 2142 2054 quaeque
2186 1978 2369 2039 facies

374 2077 654 2139 prospere
697 2060 898 2120 cedant
928 2060 1061 2135 tibi,
1102 2063 1186 2119 rei
1218 2059 1513 2138 publicae,
1555 2057 1761 2119 nobis?
1803 2059 1898 2119 vel
1944 2062 1991 2120 si
2032 2061 2265 2121 brevius
2299 2064 2370 2122 sit

375 2145 706 2223 optandum,
738 2154 799 2203 ut
820 2147 912 2203 uni
934 2142 1074 2204 tihi?
1101 2148 1157 2203 in
1182 2162 1297 2223 quo
1327 2155 1385 2204 et
1409 2162 1506 2204 res
1534 2143 1761 2221 publica
1784 2154 1842 2204 et
1864 2161 1968 2204 nos
1993 2163 2207 2205 sumus.
2238 2144 2369 2206 Fuit
2446 2204 2447 2211 ,

373 2238 634 2305 tempuS,
691 2246 760 2288 ac
797 2230 1020 2287 nimium
1061 2228 1153 2287 diu
1183 2230 1321 2305 fuit,
1378 2245 1491 2306 quo
1525 2227 1629 2288 alia
1658 2228 1926 2305 adversa,
1979 2227 2088 2287 alia
2114 2225 2369 2289 secunda

373 2312 613 2388 principi
644 2321 701 2370 et
721 2311 914 2371 nobis:
943 2331 1092 2371 nunc
1117 2314 1427 2372 communia
1448 2313 1546 2371 tibi
1569 2313 1863 2372 nobiscum
1887 2322 1997 2372 tam
2018 2311 2170 2371 laeta
2201 2331 2366 2392 quam
2380 2321 2427 2374 25

372 2395 585 2469 tristia,
630 2411 739 2452 nec
772 2397 948 2471 magis
980 2397 1102 2455 sine
1141 2407 1198 2456 te
1228 2413 1333 2456 nos
1363 2415 1495 2456 esse
1524 2395 1727 2455 felices
1762 2414 1924 2473 quam
1956 2405 2015 2454 tu
2044 2398 2167 2455 sine
2200 2398 2367 2458 nobis

373 2486 560 2557 potes.
603 2475 722 2552 An,
760 2478 807 2537 si
835 2496 1077 2556 posses,
1107 2482 1162 2538 in
1193 2481 1303 2539 fine
1332 2490 1592 2543 votorum
1625 2479 1933 2539 adiecisses
1961 2489 2023 2538 ut
2056 2481 2135 2539 ita
2178 2483 2369 2557 preci·
2442 2492 2448 2589 ἱ

371 2563 478 2623 bus
507 2563 617 2621 tuis
647 2562 720 2621 dii
754 2561 1091 2641 adnuerem,
1125 2564 1172 2623 si
1203 2563 1468 2623 iudicium
1498 2571 1746 2623 nostrum
1770 2565 1974 2623 mereri
1997 2581 2370 2642 perseveras-

370 2643 508 2708 ses?
549 2646 715 2706 Adeo
756 2645 893 2706 nihil
932 2646 1032 2706 tibi
1075 2665 1264 2706 amore
1312 2650 1514 2706 civium
1547 2649 1821 2725 antiquius
1847 2657 1909 2706 ut
1937 2657 2065 2706 ante
2101 2666 2133 2706 a
2174 2648 2366 2724 nobis,

370 2731 574 2791 deinde
606 2748 637 2789 a
668 2730 808 2808 diis,
838 2740 1007 2809 atque
1035 2733 1110 2791 ita
1142 2732 1211 2789 ab
1244 2730 1354 2789 illis
1385 2733 1552 2789 amari
1580 2731 1761 2807 velis,
1797 2733 1844 2791 si
1874 2749 1904 2790 a
1938 2731 2102 2790 nobis
2136 2735 2428 2792 ameris.3⁰

368 2815 443 2875 Et
464 2820 600 2876 sane
624 2818 872 2892 priorum
900 2817 1215 2894 principum
1245 2817 1426 2875 exitus
1451 2814 1643 2874 docuit
1669 2834 1740 2874 ne
1764 2833 1795 2874 a
1820 2814 1924 2874 diis
1950 2814 2175 2892 quidem
2199 2817 2371 2874 amari

367 2900 476 2959 nisi
506 2916 651 2977 quos
680 2899 935 2959 homines
966 2910 1168 2959 ament.
1234 2897 1483 2959 Arduum
1526 2909 1647 2958 erat
1686 2898 1787 2958 has
1833 2899 2198 2976 precationes
2243 2907 2369 2958 tuas

368 2980 626 3042 laudibus
663 2983 1010 3061 adaequare:
1058 2983 1489 3060 adaequavimus
1529 2991 1730 3042 tamen.
1790 2981 2137 3054 Quiamoris
2171 2982 2365 3057 ardor,

373 3065 469 3141 qui
497 3065 735 3142 stimuli,
783 3085 927 3144 quae
959 3066 1116 3127 faces
1148 3066 1274 3125 illas
1303 3067 1467 3126 nobis
1498 3065 1939 3126 exclamationes
1971 3065 2368 3125 subiecerunt!

371 3143 499 3204 Non
531 3152 741 3224 nostri,
789 3149 1033 3227 Caesar,
1063 3152 1307 3227 ingenii,
1340 3150 1442 3211 sed
1473 3161 1601 3210 tuae
1627 3151 1850 3210 virtutis
1880 3159 2219 3227 tuorumque
2248 3156 2431 3209 mea-35

370 3230 602 3286 ritorum
640 3248 821 3292 voces
859 3234 1117 3307 fuerunt,
1172 3252 1313 3311 quas
1350 3233 1501 3293 nulla
1541 3252 1801 3311 umquam
1841 3231 2082 3292 adulatio
2124 3234 2365 3309 invenit,

370 3309 557 3368 nullus
588 3314 914 3391 cuiusquam
940 3327 1124 3375 terror
1151 3321 1456 3395 expressit.
1505 3317 1684 3390 Quem
1709 3319 1791 3376 sic
1824 3318 2100 3376 timuimus
2130 3324 2193 3375 ut
2220 3316 2370 3377 haec
2446 3310 2447 3325 ¹

372 3391 753 3470 fingeremus?
796 3415 963 3474 quem
992 3403 1076 3458 sic
1103 3403 1404 3462 amavimus
1436 3412 1496 3462 ut
1522 3400 1666 3462 haec
1696 3397 2040 3461 fateremur?
2068 3399 2239 3460 Nosti
2269 3418 2370 3460 ne·
