2467 3850
279 194 403 260 174
1119 194 1188 256 C.
1228 193 1421 255 PLINI

226 365 260 417 2
278 350 555 411 observes
597 357 693 408 aut
730 348 879 409 scias
919 346 1140 412 melius.
1206 346 1407 424 Cogita
1450 357 1509 407 te
1550 348 1775 406 missum
1816 345 1873 405 in
1914 345 2264 424 provinciam

272 428 558 504 Achaiam,
584 428 734 488 illam
757 448 946 488 veram
970 440 1027 490 et
1047 446 1254 490 meram
1273 427 1582 506 Graeciam,
1606 431 1661 488 in
1687 448 1793 508 qua
1816 429 2051 510 primum
2073 429 2267 484 huma-

270 514 438 589 nitaS,
463 512 707 591 litterae,
732 515 899 573 etiam
922 513 1117 592 fruges
1142 513 1402 572 inventae
1428 530 1560 573 esse
1584 513 1914 580 creduntur;
1940 513 2172 571 missum
2194 509 2269 568 ad

274 597 638 657 ordinandum
665 607 868 658 statum
891 597 1188 659 liberarum
1213 597 1529 673 civitatum,
1555 596 1611 656 id
1632 608 1753 674 est,
1778 597 1848 657 ad
1869 596 2126 657 homines
2149 610 2266 652 ma·

270 683 422 742 xime
445 681 702 742 homines
717 726 735 758 ,
766 682 837 741 ad
861 681 1076 742 liberos
1097 683 1336 741 maxime
1361 679 1596 758 liberoS,
1623 682 1811 759 quod
1794 700 1881 741 lus
1904 700 1935 741 a
1954 689 2147 739 natura
2169 678 2268 738 da·
2285 677 2323 728 5

270 776 387 826 tum
408 767 613 827 virtute
629 812 648 843 ,
685 767 931 843 meritis,
972 766 1232 842 amicitia,
1270 764 1506 825 foedere
1531 763 1774 843 denique
1799 775 1857 826 et
1878 763 2160 841 religione
2176 772 2266 822 te-

220 855 256 910 3
271 860 528 910 nuerunt.
565 855 851 910 Reverere
877 849 1203 910 conditores
1229 848 1369 909 deos
1393 857 1453 909 et
1470 849 1691 910 nomina
1712 849 1967 924 deorum,
1990 864 2266 908 reverere

276 929 514 1008 gloriam
552 938 810 988 veterem
850 937 909 988 et
944 926 1087 988 hanc
1118 929 1295 1007 ipsam
1320 936 1707 1005 senectutem,
1752 946 1896 1006 quae
1937 930 1992 988 in
2031 928 2260 987 homine

273 1011 635 1089 venerabilis,
670 1014 727 1071 in
755 1012 985 1071 urbibus
1014 1029 1194 1071 sacra.
1237 1011 1323 1071 Sit
1351 1011 1499 1090 apud
1527 1020 1584 1070 te
1616 1010 1794 1072 honor
1822 1013 2152 1089 antiquitati,
2186 1013 2260 1071 sit

273 1097 594 1174 ingentibus
638 1096 836 1171 factis,
878 1097 950 1155 sit
977 1092 1182 1155 fabulis
1212 1110 1464 1174 quoque.
1524 1093 1673 1155 Nihil
1704 1113 1780 1154 ex
1821 1097 2146 1173 cuiusquam
2177 1095 2258 1155 di·
2279 1102 2348 1154 10

277 1184 520 1258 gnitate,
561 1178 697 1238 nihil
726 1198 801 1239 ex
827 1178 1121 1255 libertate,
1164 1177 1300 1238 nihil
1328 1181 1493 1239 etiam
1523 1196 1595 1238 ex
1613 1176 1914 1238 iactatione
1949 1177 2259 1257 decerpse-

229 1266 379 1327 4ris.
443 1263 601 1323 Habe
643 1272 772 1322 ante
815 1262 1016 1323 oculos
1054 1261 1200 1322 hanc
1233 1281 1367 1322 esse
1405 1270 1609 1323 terram
1650 1279 1794 1340 quae
1833 1263 1996 1322 nobis
2043 1264 2262 1322 miserit

276 1350 430 1425 iura,
475 1365 618 1424 quae
655 1345 818 1423 leges
857 1363 970 1406 non
1008 1348 1174 1407 victis
1213 1345 1317 1411 sed
1345 1346 1667 1425 petentibus
1708 1344 1961 1422 dederit,
2003 1345 2260 1406 Athenas

277 1449 411 1492 esse
443 1449 580 1509 quas
604 1429 793 1506 adeas,
826 1429 1302 1491 Lacedaemonem
1324 1447 1456 1490 esse
1487 1447 1649 1507 quam
1670 1446 1867 1527 regas:
1899 1428 2099 1507 quibus
2124 1428 2257 1489 reli-

277 1531 440 1605 quam
468 1514 714 1574 umbram
753 1523 811 1574 et
850 1513 1133 1574 residuum
1171 1512 1442 1574 libertatis
1470 1531 1671 1572 nomen
1698 1515 1923 1591 eripere
1949 1512 2141 1571 durum
2172 1513 2256 1572 fe·
2276 1513 2342 1578 105

225 1613 258 1663 5
278 1617 398 1658 rum
435 1597 724 1658 barbarum
750 1607 855 1657 est
908 1597 1084 1657 Vides
1114 1616 1144 1656 a
1173 1596 1428 1674 medicis,
1460 1614 1787 1674 quamquam
1815 1597 1872 1655 in
1899 1595 2134 1656 adversa
2162 1615 2259 1656 va-

275 1682 509 1743 litudine
547 1681 680 1741 nihil
720 1683 871 1741 servi
913 1699 981 1740 ac
1009 1681 1170 1741 liberi
1215 1681 1505 1757 differant,-
1557 1679 1780 1741 mollius
1821 1689 2004 1739 tamen
2041 1679 2258 1739 liberos

280 1765 724 1844 clementiusque
752 1767 992 1824 tractari.
1036 1762 1364 1824 Recordare
1390 1764 1521 1841 quid
1549 1781 1807 1849 quaeque
1838 1765 2033 1823 civitas
2064 1763 2256 1840 fuerit,

276 1867 389 1911 non
437 1859 496 1910 ut
543 1849 825 1949 despicias
867 1848 1019 1928 quod
1058 1866 1194 1909 esse
1233 1846 1492 1908 desierit:
1553 1840 1700 1908 absit
1738 1847 2001 1927 superbia
2040 1848 2257 1947 asperi-

223 1945 376 2002 6tas.
424 1934 549 1995 Nec
572 1936 822 1996 timueris
853 1941 1250 2010 contemptum.
1305 1931 1393 1992 An
1422 1933 1793 1992 contemnitur
1820 1934 1914 2010 qui
1941 1933 2254 2010 imperium,
2273 1929 2344 1984 20

275 2021 369 2098 qui
401 2019 591 2079 fasces
612 2016 803 2093 habet,
836 2017 945 2078 nisi
973 2017 1194 2077 humilis
1224 2026 1283 2077 et
1316 2015 1574 2076 sordidus
1603 2024 1660 2075 et
1689 2017 1782 2094 qui
1806 2034 1869 2075 se
1896 2018 2105 2094 primus
2128 2016 2259 2093 ipse
2435 2053 2467 2104 ,ς

277 2098 622 2163 contemnit?
658 2099 806 2160 Male
834 2103 946 2162 vim
981 2118 1134 2161 suam
1157 2109 1412 2178 potestas
1441 2099 1674 2159 aliorum
1706 2098 2056 2159 contumeliis
2080 2117 2259 2177 expe-

273 2188 445 2261 ritur,
495 2183 640 2244 male
662 2193 892 2244 terrore
932 2186 1220 2245 veneratio
1264 2183 1600 2261 adquiritur,
1653 2183 1939 2260 longeque
1980 2181 2259 2242 valentior

276 2286 430 2328 amor
465 2267 531 2326 ad
573 2267 932 2345 optinendum
972 2267 1123 2345 quod
1149 2266 1293 2327 velis
1324 2284 1484 2343 quam
1513 2270 1696 2327 timor.
1752 2265 1893 2326 Nam
1926 2268 2090 2325 timor
2118 2265 2255 2341 abit,

278 2353 327 2411 si
354 2350 614 2426 recedas,
647 2358 831 2408 manet
861 2368 1050 2427 amor,
1081 2367 1148 2409 ac
1179 2352 1327 2410 sicut
1356 2349 1453 2410 ille
1482 2352 1536 2410 in
1567 2349 1752 2410 odium
1778 2349 1871 2409 hic
1900 2351 1956 2408 in
1987 2368 2254 2410 reveren·
2274 2356 2341 2407 25

227 2445 258 2499 7
276 2436 405 2493 tiam
434 2435 689 2492 vertitur.
748 2429 830 2492 Te
860 2452 1000 2493 vero
1029 2436 1193 2494 etiam
1223 2443 1392 2513 atque
1421 2436 1584 2493 etiam
1617 2435 1899 2512 (repetam
1929 2433 2106 2510 enim)
2139 2450 2256 2491 me-

275 2518 507 2577 minisse
549 2525 777 2594 oportet
823 2518 994 2577 officii
1033 2519 1115 2577 tui
1159 2517 1376 2584 titulum
1414 2536 1485 2577 ac
1524 2518 1623 2578 tibi
1666 2520 1848 2598 ipsum
1877 2518 2254 2595 interpretari,

277 2601 444 2681 quale
467 2610 843 2679 quantumque
865 2602 937 2661 sit
960 2601 1215 2661 ordinare
1233 2611 1434 2662 statum
1453 2601 1752 2662 liberarum
1774 2602 2073 2660 civitatum.
2117 2598 2259 2659 Nam

224 2685 411 2764 8quid
455 2684 800 2745 ordinatione
845 2682 1109 2746 civilius?
1177 2686 1311 2766 quid
1364 2684 1623 2745 libertate
1666 2681 2014 2783 pretiosius?
2081 2684 2256 2743 Porro

277 2788 437 2849 quam
470 2778 656 2846 turpe,
688 2771 735 2829 si
765 2770 1034 2830 ordinatio
1064 2770 1386 2846 eversione,
1416 2767 1648 2829 libertas
1677 2770 1950 2828 servitute
1973 2777 2214 2827 mutetur
2226 2763 2342 2825 ‘230

275 2853 516 2913 Accedit
547 2852 695 2931 quod
736 2855 840 2914 tibi
884 2864 1170 2920 certamen
1215 2864 1305 2914 est
1344 2862 1561 2912 tecum:
1616 2861 1810 2926 onerat
1831 2860 1890 2911 te
1920 2861 2258 2929 quaesturae

274 2946 404 2996 tuae
437 2936 610 3013 fama,
654 2953 817 3014 quam
850 2956 923 2996 ex
952 2937 1206 3011 Bithynia
1240 2938 1500 3015 optimam
1526 2937 1830 3012 revexisti,
1873 2946 2069 2996 onerat
2098 2936 2255 2993 testi-

279 3021 521 3077 monium
551 3022 841 3098 principie,
875 3030 1069 3079 onerat
1095 3021 1425 3097 tribunatus,
1452 3029 1732 3097 praetura,
1764 3028 1931 3097 atque
1958 3019 2101 3077 haec
2132 3019 2259 3096 ipsa

228 3100 489 3178 9legatio
530 3106 686 3179 quasi
725 3105 1028 3181 praemium
1070 3102 1211 3163 data.
1277 3103 1404 3176 Quo
1434 3105 1609 3181 magis
1649 3101 1934 3162 nitendum
1974 3111 2062 3161 est
2099 3119 2170 3160 ne
2201 3101 2257 3159 in
2444 3104 2467 3142 ἱ

281 3184 586 3262 longinqua
610 3188 894 3262 provincia
926 3204 1087 3263 quam
1118 3187 1453 3262 suburbana,
1481 3206 1555 3246 ne
1583 3189 1728 3246 inter
1754 3188 2067 3246 servientes
2093 3191 2341 3262 quam‘35

280 3266 529 3343 liberos,
573 3286 646 3327 ne
682 3279 834 3329 sorte
871 3287 1033 3346 quam
1066 3270 1272 3329 iudicio
1299 3272 1524 3344 missus,
1554 3288 1628 3329 ne
1658 3269 1813 3329 rudis
1843 3278 1901 3328 et
1936 3270 2256 3344 incognitus

281 3368 444 3427 quam
471 3351 796 3427 exploratus
825 3353 1209 3429 probatusque
1245 3353 1531 3413 humanior
1570 3353 1775 3413 melior‘
1809 3353 2042 3431 peritior
2075 3351 2259 3410 fuisse

279 3433 550 3502 videaris;
583 3453 707 3495 cum
737 3437 808 3494 sit
835 3434 1064 3511 alioqui,
1098 3445 1155 3494 ut
1185 3452 1359 3513 saepe
1385 3436 1606 3514 audisti,
1637 3454 1812 3515 saepe
1842 3435 2055 3515 legisti,
2083 3434 2260 3495 multo

2439 584 2467 610 ’Ἰ

745 3744 753 3751 “
782 3709 815 3733 t
