2467 3850
329 138 454 204 12⁰
1151 135 1451 197 arum

326 292 440 367 ris,
475 288 610 348 nihil
641 297 734 347 est
760 287 912 365 quod
939 304 1152 365 segne
1179 288 1450 364 debean,
1492 290 1829 368 praesertin
1858 304 1968 368 pro
1994 290 2175 368 patria
2205 305 2309 367 pe-

327 375 483 434 tenti.
551 371 699 445 Quid
747 373 894 429 enin
943 371 1210 449 precibus
1252 381 1349 430 aut
1388 371 1682 432 bonesti-s
1726 375 1837 452 piis
1874 382 1969 432 aut
2010 371 2310 433 efficacius

274 453 596 526 sanantis?
659 454 900 514 Proinde
938 454 1208 514 Fir-anis
1240 457 1355 514 tais
1388 472 1459 514 ac
1494 457 1603 514 ia-
1636 458 1829 534 potins
1866 458 2077 516 nostris
2111 454 2308 533 obliga

327 540 493 601 iidem
531 556 742 606 mear-3
785 555 932 616 quos
969 537 1164 597 labore
1190 547 1253 597 et
1280 538 1465 598 studio
1498 557 1631 599 neo
1652 539 1855 617 dignos
1878 557 2007 599 cum
2031 539 2310 618 splendor

324 626 575 704 ipsorum
595 633 712 683 turn
733 622 846 681 boc
867 623 1102 681 maxime
1123 621 1447 700 pollicetur,
1475 622 1629 700 quod
1650 623 1924 684 credibile
1945 631 2038 684 est
2060 626 2308 702 optimos
2326 640 2361 693 5

326 726 460 769 esse
485 710 630 767 inter
654 722 800 784 quos
824 714 886 765 tn
912 704 1040 766 talis
1065 708 1319 765 moreris.
1378 705 1538 766 Vale.
2454 715 2455 724 ¹

1186 838 1421 899 XVIIII.

887 939 943 994 G.
979 939 1228 991 PLmUS
1258 939 1484 990 NEPOTI
1511 937 1632 990 SUO
1662 936 1715 987 S.

278 1061 308 1114 1
445 1043 574 1104 Scis
613 1051 673 1103 tu
711 1044 1034 1103 accessisse
1070 1045 1313 1124 pretin-
1362 1044 1547 1121 agris,
1599 1043 1909 1122 praecipue
1948 1042 2301 1103 suburbanis.
2323 1063 2390 1115 10

328 1126 511 1189 Causa
531 1128 749 1188 subitae
781 1129 1024 1187 caritatis
1051 1146 1146 1187 res
1174 1127 1363 1186 multis
1388 1129 1589 1205 agitata
1616 1127 1998 1186 sermonibus:
2028 1129 2302 1204 proximis

331 1214 570 1272 comitiis
611 1210 1035 1271 honestissimas
1072 1229 1255 1271 voces
1295 1220 1523 1274 senatus
1563 1212 1851 1289 expressit
1890 1209 2192 1270 ‘candidati
2232 1230 2304 1270 ne

274 1311 309 1363 2
327 1299 725 1371 conviventur,
765 1313 838 1354 ne
879 1298 1094 1354 mittant
1119 1312 1379 1371 munera,
1424 1313 1496 1354 ne
1526 1296 1796 1372 pecunias
1826 1294 2149 1372 deponant’.
2215 1293 2306 1353 Ex

328 1381 530 1460 quibus
558 1378 668 1438 duo
698 1379 884 1458 priora
914 1388 1024 1437 tam
1050 1387 1250 1458 aperte
1276 1395 1438 1456 quam
1466 1377 1761 1437 immodice
1792 1378 2015 1452 fiebant,
2050 1378 2163 1438 boc
2192 1386 2303 1436 ter·
2458 1441 2459 1456 2

273 1466 492 1541 atium,
523 1480 851 1542 quamquam
881 1461 1291 1537 occultaretur,
1334 1478 1441 1540 pro
1473 1471 1768 1539 comperto
1797 1461 2126 1521 habebatur.
2188 1460 2303 1520 Ho·
2322 1472 2388 1525 15
2456 1461 2459 1468 ’

325 1547 529 1607 mullus
542 1546 741 1607 deinde
751 1556 967 1623 noster,
991 1546 1292 1623 vigilanter
1304 1564 1437 1605 usus
1460 1545 1572 1606 boc
1596 1562 1877 1605 consensu
1900 1554 2147 1622 senatus,
2174 1562 2304 1605 sen-

326 1634 534 1693 tentiae
563 1631 697 1691 loco
719 1629 1024 1710 postulavit
1051 1640 1112 1690 ut
1135 1627 1401 1689 consules
1423 1628 1760 1690 desiderium
1783 1632 2174 1689 universorum
2201 1646 2302 1689 no·

326 1725 442 1777 tum
464 1716 704 1794 principi
719 1714 973 1774 facerent
992 1724 1390 1794 peterentque,
1416 1715 1561 1773 sicut
1584 1712 1706 1773 aliis
1727 1714 1876 1773 vitiis
1910 1713 2040 1772 huic
2076 1730 2305 1791 quoque

275 1798 679 1879 4providentia
707 1816 808 1858 sua
837 1807 1184 1858 occurreret.
1230 1797 1518 1858 Occurrit:
1545 1814 1670 1857 nam
1697 1806 1952 1874 sumptus
1983 1796 2304 1856 candidato·

326 1902 478 1958 rum,
511 1883 713 1944 foedos
741 1881 873 1944 illos
898 1890 954 1943 et
981 1882 1249 1958 infames,
1290 1881 1527 1942 ambitus
1556 1880 1689 1959 lege
1713 1882 2026 1942 restrinxit:
2069 1880 2388 1951 eosdem20

327 1970 641 2050 patrimonii
680 1970 899 2027 tertiam
928 1978 1142 2046 partem
1172 1965 1435 2026 conferre
1463 1966 1624 2025 iussit
1654 1969 1708 2025 in
1738 1983 1805 2025 ea
1832 1984 1978 2044 quae
2007 1965 2138 2026 solo
2171 1982 2306 2026 con·

328 2055 653 2128 tinerentur,
687 2050 939 2112 deforme
969 2052 1300 2128 arbitratus,
1331 2059 1394 2109 ut
1422 2059 1540 2110 erat
1558 2096 1575 2126 ,
1604 2050 1878 2109 bonorem
1909 2052 2186 2127 petituros
2217 2067 2306 2108 ur-

330 2137 459 2196 bem
501 2134 824 2213 Italiamque
866 2152 976 2194 non
1020 2151 1125 2212 pro
1167 2137 1343 2213 patria
1382 2132 1489 2193 sed
1531 2150 1635 2210 pro
1674 2134 1921 2211 hospitio
1961 2145 2054 2194 aut
2085 2132 2307 2195 stabulo

277 2228 308 2279 5
329 2221 485 2297 quasi
516 2220 941 2296 peregrinantes
970 2217 1197 2276 habere.
1241 2216 1587 2277 Concursant
1618 2235 1758 2295 ergo
1791 2217 2094 2278 candidati:
2127 2226 2308 2278 certa-

329 2305 426 2362 tim
454 2300 719 2379 quidquid
747 2298 949 2359 venale
979 2300 1203 2360 audiunt
1235 2303 1524 2379 emptitant
1553 2317 1777 2379 quoque
1808 2303 1917 2359 sint
1945 2299 2107 2381 plura
2137 2320 2306 2360 vena·
2323 2310 2390 2363 25

276 2383 401 2448 filia
424 2383 689 2444 efficiunt.
730 2382 972 2442 Proinde
1003 2386 1050 2443 si
1085 2386 1336 2462 paenitet
1368 2393 1426 2443 te
1448 2384 1766 2444 Italicorum
1787 2385 2163 2462 praediorum,
2198 2386 2308 2443 hoc

325 2466 603 2527 vendendi
643 2476 864 2543 tempus
897 2476 1009 2526 tam
1045 2466 1291 2527 Hercule
1320 2485 1482 2546 quam
1509 2470 1566 2527 in
1594 2469 1898 2546 provinciis
1929 2468 2306 2548 comparandi,

326 2551 453 2611 dum
477 2552 625 2611 idem
656 2550 925 2611 candidati
951 2549 1069 2611 illic
1094 2550 1362 2626 vendunt,
1393 2560 1454 2611 ut
1478 2551 1572 2611 hic
1601 2562 1798 2613 emant.
1839 2551 2000 2613 Vale.

1250 2684 1378 2745 XX.

891 2783 948 2836 G.
979 2784 1227 2836 PLINIUS
1259 2785 1487 2836 TACITO
1518 2783 1637 2834 SUO
1668 2783 1721 2834 S.

281 2898 310 2948 1
452 2890 555 2947 Ais
594 2898 651 2949 te
684 2888 979 2949 adductum
1015 2888 1217 2950 litteris
1250 2907 1386 2968 quas
1419 2890 1667 2967 exigenti
1696 2887 1797 2948 tibi
1828 2886 1898 2946 de
1929 2894 2111 2945 morte
2142 2904 2310 2945 avun-

330 2969 441 3029 culi
468 2973 578 3030 mei
620 2975 826 3052 scripsi
859 2991 1069 3050 cupere
1112 2991 1468 3050 cognoscere
1501 2991 1644 3052 quos
1676 2989 1786 3049 ego
1827 2969 2029 3029 Miseni
2072 2969 2310 3030 relictus

331 3053 419 3131 (id
448 3057 592 3114 enim
621 3058 912 3134 ingressus
952 3057 1308 3136 abruperam)
1344 3074 1457 3117 non
1496 3056 1678 3118 solum
1705 3064 1886 3115 metus
1915 3072 2113 3113 verum
2144 3056 2311 3114 etiam

332 3154 499 3198 casus
537 3140 877 3217 pertulerim.
945 3140 1288 3220 Quamquam
1325 3142 1535 3200 animus
1562 3139 1880 3199 meminisse
1911 3139 2138 3214 horret,
2173 3140 2392 3198 inci-35

278 3221 496 3299 2piam.
554 3220 817 3283 Profecto
859 3224 1136 3285 avunculo
1178 3226 1307 3303 ipse
1343 3224 1619 3303 reliquum
1658 3233 1880 3299 tempus
1912 3221 2113 3282 studiis
2148 3221 2308 3300 (ideo

332 3306 474 3364 enim
497 3308 899 3385 remanseram)
928 3307 1183 3385 inpendi:
1225 3326 1359 3367 mox
1398 3308 1707 3382 balineum,
1750 3324 1919 3380 cena,
1964 3322 2198 3366 somnus
2229 3308 2310 3364 in·

280 3397 316 3451 3
334 3389 555 3468 quietus
584 3398 641 3449 et
669 3390 880 3451 brevis.
922 3389 1322 3452 Praecesserat
1353 3410 1456 3470 per
1484 3392 1688 3451 multos
1718 3390 1839 3451 dies
1879 3399 2091 3449 tremor
2122 3400 2311 3450 terrae

2325 2733 2393 2787 30
