2467 3850
214 224 221 229 .
303 176 422 239 166
1133 174 1197 235 C.
1243 171 1435 234 PLINI

299 345 400 404 na,
440 335 499 387 et
541 344 615 386 ex
653 325 866 387 duabus
894 327 1188 387 sententiis
1221 345 1344 386 eam
1383 343 1527 404 quae
1558 327 1822 404 superior
1847 329 2092 387 extiterit
2118 330 2284 389 tertia

217 417 283 468 Ἡ
300 420 618 489 exspectat.
662 410 829 488 Quid,
862 410 1011 488 quod
1044 413 1219 488 prima
1244 413 1521 470 sententia
1544 411 1888 489 conprobata
1907 420 2134 473 ceterae
2153 430 2282 489 per-

300 491 595 556 emuntur?
657 494 781 567 Qua
813 512 954 571 ergo
982 496 1198 554 ratione
1237 502 1432 572 potest
1458 512 1592 557 esse
1620 512 1732 554 non
1756 512 1896 553 unus
1922 495 2106 573 adque
2134 495 2283 555 idem

216 579 462 640 2310cus
506 581 936 656 sententiarum,
985 596 1212 657 quarum
1242 577 1427 637 nullus
1457 586 1547 636 est
1578 575 1822 655 postea?
1864 577 2085 639 Planius
2114 597 2283 657 repe-

297 674 426 724 tam.
501 662 622 722 Nisi
663 662 887 722 dicente
940 663 1274 723 sententiam
1315 679 1387 722 eo
1421 662 1516 739 qui
1554 660 1774 739 relegat
1812 660 1894 720 illi
1927 665 2022 740 qui
2049 664 2334 741 puniunt5

302 749 488 825 capite
511 748 668 805 initio
699 747 885 806 statim
907 747 962 804 in
985 745 1092 805 alia
1122 745 1446 821 discedant,
1480 745 1688 806 frustra
1717 755 1917 823 postea
1950 745 2284 807 dissentient

217 837 286 889 24
301 830 370 890 ab
393 848 466 890 eo
507 832 597 889 cui
637 828 805 906 paulo
846 839 975 889 ante
1023 832 1438 890 consenserint.
1502 829 1617 888 Sed
1647 829 1780 906 quid
1809 846 1929 927 ego·
1954 828 2150 889 similis
2183 829 2284 889 do-

301 909 494 974 centi?
526 931 652 973 cum
686 913 908 972 discere
937 912 1109 972 velim
1139 931 1208 973 an
1243 915 1550 973 sententias
1583 912 1784 988 dividi,
1816 930 1885 972 an
1912 915 1979 971 iri
2007 914 2061 971 in
2092 916 2283 997 singu·-

299 996 383 1057 las
425 998 756 1076 oportuerit.
846 997 1074 1075 Optinui
1118 996 1343 1074 quidem
1377 996 1527 1074 quod
1556 995 1935 1075 postulabam:
1979 995 2156 1056 nihilo
2185 1000 2285 1056 mi-

297 1100 403 1140 nus
431 1090 614 1141 tamen
643 1098 854 1159 quaero
877 1099 947 1140 an
969 1079 1259 1159 postulare
1284 1080 1589 1140 debuerim.
1639 1079 2113 1153 Quemadmodum
2138 1084 2365 1160 opti-10

296 1161 433 1224 nui?
498 1164 609 1237 Qui
651 1163 900 1224 ultimum
941 1163 1279 1247 supplicium
1311 1163 1637 1225 sumendum
1667 1182 1800 1224 esse
1834 1163 2139 1240 censebat,
2182 1183 2283 1224 ne-

299 1250 421 1309 scio
454 1266 522 1309 an
550 1250 692 1326 iure,
728 1257 887 1308 certe
916 1250 1197 1326 aequitate
1229 1247 1625 1326 postulationis
1651 1265 1809 1317 meae
1838 1249 2043 1323 victus,
2076 1251 2285 1308 omissa

299 1335 577 1395 sententia
609 1351 708 1392 sua
744 1335 993 1393 accessit
1021 1331 1329 1408 releganti;
1368 1333 1580 1393 veritus
1614 1330 1836 1392 scilicet
1870 1349 1963 1408 ne,
1997 1333 2046 1392 si
2071 1331 2283 1391 divide-

298 1425 490 1476 rentur
517 1419 853 1492 sententiae‚
889 1416 1039 1495 quod
1071 1414 1281 1494 alioqui
1307 1415 1431 1475 fore
1461 1415 1789 1491 videbatur,
1821 1434 1888 1475 ea
1918 1433 2060 1493 quae
2093 1415 2284 1476 absol-

298 1501 514 1561 vendos
538 1519 672 1560 esse
711 1499 980 1560 censebat
1007 1517 1241 1560 numero
1270 1498 1644 1579 praevaleret.
1703 1498 1924 1558 Etenim
1953 1499 2125 1576 longe
2156 1498 2280 1578 plu·
2302 1506 2366 1558 15
2465 1540 2467 1546 -

215 1595 280 1646 25
298 1603 393 1644 res
422 1586 478 1643 in
511 1584 617 1644 hac
647 1602 753 1644 una
784 1602 945 1662 quam
968 1586 1025 1643 in
1059 1583 1271 1644 duabus
1302 1583 1538 1660 singulis
1563 1592 1737 1641 erant.
1783 1581 1921 1642 Tum
1941 1582 2021 1642 illi
2052 1601 2283 1661 quoque

300 1670 393 1746 qui
428 1670 757 1728 auctoritate
798 1669 920 1727 eius
953 1664 1312 1727 trahebantur
1353 1676 1673 1726 transeunte
1719 1665 1819 1726 illo
1858 1665 2106 1727 destituti
2152 1666 2283 1727 reli·-

300 1763 540 1830 querunt
582 1753 913 1813 sententiam
940 1752 1012 1812 ab
1049 1754 1176 1830 ipso
1215 1760 1448 1811 auctore
1491 1751 1770 1810 desertam
1816 1753 2111 1828 secutique
2154 1759 2286 1811 sunt

214 1846 281 1900 26
301 1839 457 1914 quasi
488 1837 828 1914 transfugam
857 1854 1025 1914 quem
1056 1835 1259 1895 ducem
1289 1835 1685 1912 sequebantur.
1726 1835 1823 1893 Sic
1852 1836 2124 1894 extribus
2154 1853 2285 1895 sen-

299 1924 488 1981 tentiis
518 1922 659 1982 duae
704 1922 921 1998 factae,
954 1922 1245 1999 tenuitque
1282 1939 1355 1980 ex
1382 1919 1594 1980 duabus
1621 1917 1799 1980 altera
1830 1920 1991 1979 tertia
2018 1916 2279 1997 expulsa,
2298 1925 2368 1977 20

297 2024 473 2083 quae,
518 2023 645 2064 cum
686 2005 876 2065 ambas
917 2022 1188 2083 superare
1214 2022 1328 2064 non
1356 2013 1588 2084 posset,
1640 2001 1818 2080 elegit
1846 2003 1916 2064 ab
1942 2013 2063 2064 utra
2086 2004 2281 2063 vince-

295 2100 466 2149 retur.
527 2088 685 2149 Vale.

1227 2220 1351 2280 XV.

859 2316 912 2367 0.
953 2318 1202 2405 PpINlUS
1239 2318 1481 2373 IUNIORI
1513 2318 1632 2369 SUO
1667 2318 1719 2368 S.
2303 2342 2370 2395 25

248 2432 273 2479 1
419 2419 659 2479 Oneravi
686 2430 745 2480 te
774 2429 857 2479 tot
879 2423 1087 2498 pariter
1112 2422 1301 2482 missis
1330 2421 1736 2481 voluminibus:
1772 2422 1875 2482 sed
1906 2424 2133 2483 oneravi
2169 2422 2284 2500 pri-

296 2520 465 2580 mum,
502 2506 628 2581 quia
656 2522 956 2582 exegeras,
990 2504 1212 2581 deinde,
1252 2505 1376 2582 quia
1406 2507 1720 2584 scripseras
1741 2515 1852 2565 tam
1881 2505 2127 2583 graciles
2154 2507 2288 2565 istic

295 2586 600 2647 vindemias
637 2607 770 2649 esse
812 2599 873 2649 ut
900 2588 1078 2668 *plane
1125 2592 1330 2650 scirem
1371 2589 1470 2649 tibi
1502 2598 1854 2667 vacaturum,
1911 2588 2059 2668 quod
2104 2589 2286 2666 vulgo

250 2670 518 2748 2dicitur‚
553 2672 749 2732 librum
772 2673 988 2750 legere.
1030 2672 1241 2733 Eadem
1264 2687 1339 2733 ex
1374 2675 1513 2732 meis
1543 2671 1745 2749 agellis
1775 2674 2107 2733 nuntiantur.
2170 2672 2287 2749 Igi-

295 2765 384 2815 tur
415 2756 547 2816 mihi
581 2774 807 2858 quoque
848 2758 1041 2817 licebit
1079 2758 1335 2818 scribere
1376 2774 1520 2834 quae
1559 2756 1754 2833 legaS‚
1808 2759 1881 2817 sit
1921 2757 2086 2816 modo
2133 2755 2375 2816 undem)

297 2840 518 2901 chartae
549 2846 660 2901 emi
687 2843 934 2921 possint3
988 2860 1132 2919 quae
1177 2844 1223 2902 si
1266 2841 1502 2900 scabrae
1534 2839 1834 2901 bibulaeve
1870 2843 2014 2919 sint,
2047 2851 2142 2901 aut
2168 2858 2289 2900 non

295 2925 650 2985 scribendum
699 2936 792 2986 aut
842 2927 1168 2987 necessario
1221 2922 1491 3042 quidquid
1539 2924 1937 3001 scripserimus
1977 2925 2110 2985 boni
2154 2923 2289 2983 mali

294 3005 658 3069 delebimus.
685 3009 849 3070 Vale.

1204 3141 1357 3224 XVI·
1509 3141 1514 3145 .
2307 3185 2377 3239 35
2463 3113 2467 3140 ·,

817 3241 877 3301 C.
909 3241 1159 3293 PLINIUS
1195 3240 1491 3291 PATERNO
1529 3239 1647 3292 SUO
1686 3240 1739 3293 S.

243 3351 271 3401 1
418 3337 802 3401 Confecerunt
827 3360 917 3401 me
947 3344 1292 3403 infirmitates
1316 3360 1586 3420 meorum,
1620 3354 1832 3404 mortes
1858 3345 2046 3420 etiam,
2078 3353 2138 3403 et
2164 3347 2293 3421 qui-

294 3422 419 3481 dem
448 3425 726 3488 iuvenum.
772 3425 996 3485 Solacia
1028 3427 1137 3485 duo
1164 3444 1514 3504 nequaquam
1538 3429 1692 3506 paria
1715 3436 1866 3487 tanto
1895 3427 2098 3505 dolori,
2132 3426 2292 3487 sola·-
