2467 3850
16 3268 24 3583 ἱ

799 193 1317 257 EPISTULARUM
1342 197 1413 257 V.
1449 208 1502 262 6.
2076 201 2158 265 95

170 348 599 410 saluberrimum
639 344 901 407 adflatum
947 366 1021 409 ex
1063 349 1417 427 Appenninis
1456 349 1697 411 vallibus
1741 351 1975 431 recipit:
2023 364 2157 431 post

171 433 457 493 latissimis
497 431 766 491 fenestris
800 435 1027 508 vineas,
1070 433 1249 493 valvis
1280 452 1461 511 aeque
1488 436 1716 512 vineas,
1763 435 1867 495 sed
1893 454 2001 514 per
2031 455 2155 512 cry-

168 518 587 595 ptoporticum,
636 517 793 594 quasi
819 515 1070 576 admittit.
1132 516 1185 575 A
1217 516 1393 577 latere
1422 518 1679 595 triclinii,
1712 519 1862 596 quod
1889 518 2239 585 fenestris30

172 609 364 677 caret,
414 598 602 659 scalae
636 601 895 659 convivio
932 600 1084 659 utilia
1112 604 1425 659 secretiore
1459 603 1666 664 ambitu
1708 613 2034 680 suggerunt.
2090 603 2155 663 Iu

116 699 151 750 5
172 685 282 743 fine
313 682 667 759 cubiculum,
724 683 813 742 cui
841 701 954 742 non
985 686 1164 745 minus
1201 685 1501 744 iucundum
1528 696 1897 763 prospectum
1929 696 2154 765 crypto-

167 769 427 846 porticus
465 770 608 844 ipsax
633 784 794 844 quam
829 770 1031 827 vineae
1073 769 1366 845 praebent.
1446 770 1657 828 Subest
1700 773 2154 847 cryptoporticus

168 852 576 911 'subterraneae
615 850 837 919 similis;
888 860 1104 911 aestate
1150 851 1372 912 incluso
1423 852 1635 929 frigore
1675 855 1824 929 riget
1868 862 2154 914 contenta-

169 951 286 1014 que
319 941 456 994 aere
496 951 602 994 suo
646 952 756 993 nec
805 934 1086 994 desiderat
1125 953 1286 996 auras
1331 954 1441 995 nec
1470 936 1716 996 admittit.
1791 936 1925 997 Post
1955 947 2153 996 utram·
2169 948 2233 1002 31

172 1037 287 1097 que
330 1019 811 1096 cryptoporticum
851 1018 997 1078 unde
1042 1019 1342 1079 triclinium
1395 1019 1597 1079 desinit
1638 1022 1832 1099 incipit
1874 1023 2151 1099 porticuS,

82 1124 151 1175 10
165 1112 297 1162 ante
330 1101 572 1161 medium
601 1101 749 1161 diem
775 1101 1039 1180 hiberna,
1083 1103 1348 1163 inclinato
1379 1103 1469 1162 die
1503 1106 1737 1164 aestiva.
1798 1103 1918 1163 Hac
1948 1104 2153 1164 adeun·

163 1195 259 1245 tur
286 1185 501 1245 diaetae
534 1184 698 1261 duae,
732 1204 960 1262 quarum
982 1188 1038 1245 in
1064 1187 1241 1247 altera
1272 1186 1530 1246 cubicula
1553 1197 1813 1265 quattuor
1833 1188 2007 1247 altera
2026 1190 2150 1265 tria,

163 1279 226 1329 ut
259 1271 512 1330 circumit
539 1268 659 1346 sol,
707 1279 800 1329 aut
834 1269 959 1329 sole
988 1279 1213 1330 utuntur
1240 1280 1332 1330 aut
1360 1271 1570 1330 umbra.
1635 1271 1791 1331 Hanc
1831 1271 2152 1349 dispositio·
2168 1281 2236 1333 32
2329 1271 2339 1284 ’

162 1369 299 1414 nem
326 1354 829 1430 amoenitatemque
871 1363 1147 1413 tectorum
1187 1352 1361 1432 longe
1396 1354 1683 1433 longeque
1714 1355 2004 1433 praecedit
2031 1356 2152 1434 hip-

162 1436 494 1516 podromus.
558 1435 778 1496 Medius
816 1441 1054 1513 patescit
1086 1441 1383 1517 statimque
1423 1441 1736 1498 intrantium
1779 1439 1958 1499 oculis
1998 1448 2151 1500 totus

80 1533 146 1584 15
167 1522 426 1596 offertur,
452 1518 687 1598 platanis
713 1522 1049 1580 circumitur.
1088 1521 1225 1582 Illae
1247 1523 1456 1582 hedera
1476 1525 1791 1582 vestiuntur
1812 1532 1982 1602 utque
2005 1542 2152 1583 sum·

165 1623 294 1664 mae
337 1606 454 1663 suis
484 1606 559 1663 ita
597 1607 739 1663 imae
771 1604 967 1664 alienis
1000 1605 1291 1666 frondibus
1324 1609 1534 1665 virent:
1578 1605 1788 1666 hedera
1812 1616 2066 1666 truncum
2094 1617 2152 1666 et

163 1705 356 1747 ramos
386 1697 639 1766 pererrat
677 1690 1001 1766 vicinasque
1034 1689 1290 1768 platanos
1330 1692 1561 1750 transitu
1605 1707 1708 1748 suo
1751 1690 2005 1768 copulat:
2051 1691 2149 1750 has

166 1773 352 1831 buxus
381 1774 703 1831 interiacet:
735 1776 1051 1832 exteriores
1082 1774 1261 1832 buxos
1287 1774 1650 1832 circumvenit
1679 1772 1867 1832 laurus
1897 1774 2149 1833 umbrae·

169 1873 286 1934 que
314 1855 661 1935 platanorum
692 1874 847 1915 suam
878 1856 1114 1916 confert.
1159 1855 1374 1916 Rectus
1396 1855 1750 1935 hippodromi
1778 1856 1939 1915 limes
1967 1858 2023 1915 in
2052 1875 2146 1915 ex·
2165 1866 2232 1918 33

76 1956 150 2008 20
166 1951 349 2000 trema
382 1950 542 2018 parte
581 1940 918 2016 hemicyclio
962 1941 1233 2018 frangitur
1271 1951 1554 2019 mutatque
1584 1940 1815 2000 faciem:
1863 1942 2148 2019 cupressis

164 2023 405 2084 ambitur
431 2034 487 2083 et
516 2026 745 2102 tegitur,
782 2025 1046 2085 densiore
1077 2026 1269 2085 umbra
1293 2027 1525 2104 opacior
1543 2027 1895 2103 nigriorque;
1923 2025 2149 2083 interio-
2218 2082 2223 2089 ,

159 2108 325 2167 ribus
377 2107 600 2168 circulis
659 2109 819 2188 (sunt
874 2109 1020 2168 enim
1074 2109 1295 2188 plures)
1339 2111 1694 2186 purissimum
1737 2109 1884 2168 diem
1927 2109 2145 2185 recipit.

164 2190 307 2251 Inde
340 2194 503 2251 etiam
530 2210 690 2253 rosas
723 2193 888 2252 effert
931 2193 1358 2270 umbrarumque
1393 2194 1572 2269 frigus
1612 2210 1724 2252 non
1760 2195 1983 2269 ingrato
2024 2189 2147 2250 sole
2164 2196 2233 2250 34

167 2276 475 2352 distinguit.
519 2275 698 2336 Finito
720 2278 875 2335 vario
906 2276 1005 2335 illo
1038 2277 1446 2355 multiplicique
1470 2278 1787 2337 curvamine
1810 2285 1969 2336 recto
1992 2275 2148 2334 limiti

79 2359 450 2436 25redditur,
486 2379 594 2420 nec
621 2360 752 2419 huic
780 2362 889 2420 uni.
936 2359 1074 2419 Nam
1102 2363 1226 2420 viae
1257 2361 1450 2440 plures
1478 2360 1956 2421 intercedentibus
1986 2359 2149 2418 buxis

167 2443 502 2505 dividuntur.
567 2443 720 2503 Alibi
758 2443 1034 2522 pratulum
1066 2444 1198 2504 alibi
1241 2448 1364 2522 ipsa
1393 2445 1573 2506 buxus
1603 2447 1904 2505 intervenit
1940 2445 1997 2502 in
2036 2443 2148 2502 for·
2166 2448 2231 2501 35

165 2546 287 2587 mas
315 2527 468 2586 mille
500 2526 817 2606 descripta,
857 2528 1073 2588 litteras
1102 2529 1407 2604 interdum,
1447 2547 1590 2606 quae
1620 2529 1787 2588 modo
1815 2546 2019 2588 nomen
2053 2527 2151 2586 do-

166 2613 299 2670 mini
333 2611 522 2671 dicunt
551 2612 715 2671 modo
750 2613 1007 2673 artificis:
1040 2612 1268 2672 alternis
1296 2613 1537 2672 metulae
1562 2621 1794 2689 surgunt
1821 2613 2048 2672 alternis
2072 2612 2151 2668 in·

169 2705 324 2756 serta
348 2704 475 2754 sunt
497 2712 681 2773 poma,
714 2705 771 2756 et
801 2696 856 2755 in
886 2712 1063 2775 opere
1092 2697 1460 2757 urbanissimo
1493 2697 1674 2756 subita
1700 2695 1856 2754 velut
1884 2693 2034 2753 inlati
2059 2712 2150 2752 ru·

82 2781 245 2848 30ris
299 2780 548 2838 imitati0.
622 2777 867 2838 Medium
916 2782 1154 2858 spatium
1195 2781 1547 2840 brevioribus
1587 2781 1863 2855 utrimque
1910 2777 2149 2855 platanis

168 2864 494 2934 adornatur:
539 2872 671 2940 post
712 2864 813 2923 has
852 2864 1118 2925 acanthus
1148 2864 1278 2922 hinc
1313 2865 1441 2923 inde
1470 2862 1720 2923 lubricus
1749 2871 1805 2921 et
1837 2861 2234 2936 flexuosus,36

168 2946 376 3006 deinde
420 2945 613 3024 plures
653 2947 864 3024 figurae
906 2948 1178 3027 pluraque
1219 2949 1458 3007 nomina.
1519 2946 1582 3005 In
1626 2947 1810 3023 capite
1858 2944 2152 3005 stibadium

171 3030 411 3092 candido
443 3035 721 3091 'marinore
765 3033 880 3091 vite
914 3035 1259 3110 protegitur:
1302 3032 1473 3090 vitem
1515 3037 1775 3108 quattuor
1815 3027 2150 3089 columellae

171 3112 464 3190 Carystiae
493 3114 753 3175 subeunt.
794 3114 884 3174 Ex
910 3116 1146 3176 stibadio
1174 3132 1337 3193 aqua,
1366 3113 1524 3172 velut
1543 3131 1819 3191 expressa
1838 3113 2153 3173 cubantium

82 3210 152 3263 35
170 3198 458 3278 pondere,
502 3198 812 3277 sipunculis
856 3199 1068 3278 effluit,
1115 3209 1314 3259 cavato
1355 3197 1540 3274 lapide
1574 3199 1911 3274 suscipitur,
1955 3196 2154 3273 gracili

168 3296 444 3349 marmore
479 3284 827 3361 continetur,
870 3283 1052 3360 adque
1090 3285 1165 3342 ita
1207 3282 1433 3343 occulte
1460 3290 1803 3359 temperatur
1831 3291 1894 3340 ut
1924 3279 2154 3357 impleat

169 3386 280 3428 nec
307 3365 604 3426 redundet.
650 3364 1023 3428 Gustatorium
1051 3369 1389 3445 graviorque
1419 3383 1559 3425 cena
1587 3366 1818 3442 margini
1847 3366 2149 3444 inponitur,
2167 3369 2233 3422 37

167 3452 354 3528 levior
382 3450 745 3512 naucularum
777 3461 834 3513 et
873 3452 1055 3513 avium
1084 3451 1277 3528 figuris
1313 3452 1561 3512 innatans
1605 3450 1879 3510 circumit.
1942 3444 2148 3506 Contra
