2467 3850
369 161 495 223 222
963 159 1028 221 C.
1067 159 1260 221 PL1N1
1299 159 1397 222 ET
1441 158 1750 221 TRAIANI

317 326 351 377 2
369 315 652 389 exigente.
716 312 873 373 Haec
912 314 969 372 in
1008 316 1258 375 notitiam
1283 322 1431 373 tuam
1458 309 1795 392 perferenda
1825 310 2169 387 existimavi,
2217 311 2351 388 quia

367 399 621 476 proxime
657 397 997 475 scripseram
1024 400 1242 476 petisse
1283 395 1610 472 Lycormam
1643 404 1704 454 ut
1743 394 2116 471 legationem,
2157 396 2205 454 si
2239 412 2350 473 qua

366 483 620 540 venisset
647 498 680 539 a
706 480 989 558 Bosporo,
1020 499 1201 559 usque
1231 483 1288 540 in
1316 479 1614 540 adventum
1633 497 1792 539 suum
1811 480 2133 538 retinerem.
2178 476 2349 551 Quod

366 564 569 624 diutius
598 563 841 623 faciendi
877 563 1027 624 nulla
1054 565 1188 624 mihi
1215 563 1525 643 probabilis
1550 565 1688 623 ratio
1718 564 1985 637 occurrit,
2013 563 2349 638 praesertim

368 666 492 706 cum
515 646 792 725 epistulae
819 647 1123 722 Lycormae
1140 694 1158 725 ,
1189 666 1329 726 quas
1359 646 1647 725 detinere,
1675 655 1736 706 ut
1762 655 1890 706 ante
1924 644 2179 725 praedixi
2196 691 2217 722 ,
2245 653 2388 706 no·5

365 730 465 809 lui,
488 730 700 810 aliquot
730 730 929 792 diebus
958 732 1105 791 hunc
1134 732 1382 810 legatum
1409 741 1809 790 antecessurae
1831 730 2174 790 viderentur.

1065 864 1312 926 vam.
1350 862 1641 942 [Lxxnm

812 966 866 1017 G.
897 967 1146 1019 PLINIUS
1179 964 1466 1016 TRAIANO
1492 962 1906 1015 IMPERATORI.

489 1069 816 1131 Petentibus
845 1072 1173 1149 quibusdam
1198 1080 1261 1130 ut
1294 1071 1402 1130 sibi
1427 1067 1693 1146 reliquias
1732 1084 1960 1128 suorum
1986 1075 2076 1126 aut
2102 1075 2346 1145 propter
2362 1076 2418 1126 10

366 1155 614 1213 iniuriam
655 1157 952 1215 vetustatis
992 1165 1085 1214 aut
1125 1164 1361 1233 propter
1399 1153 1636 1213 fluminis
1677 1153 1956 1211 incursum
1993 1150 2215 1228 aliaque
2254 1148 2341 1208 his

366 1237 561 1296 similia
590 1238 973 1316 quaecumque
1012 1238 1320 1299 secundum
1362 1235 1678 1316 exemplum
1719 1233 2119 1314 proconsulum
2161 1243 2339 1294 trans-

366 1319 518 1380 ferre
558 1322 974 1399 permitterem,
1022 1325 1151 1401 quia
1190 1321 1441 1382 sciebam
1478 1322 1533 1379 in
1574 1320 1712 1379 urhe
1741 1328 1932 1379 nostra
1962 1338 2035 1379 ex
2067 1315 2340 1392 eiusmodi

370 1420 540 1463 causa
575 1403 875 1481 collegium
905 1407 1228 1484 pontificum
1256 1405 1391 1465 adiri
1420 1403 1632 1485 solere,
1662 1414 1740 1479 te,
1773 1403 2014 1481 domIne,
2045 1404 2339 1461 maximum

366 1487 690 1563 pontificem
724 1489 1127 1550 consulendum
1156 1491 1347 1568 putavi
1374 1487 1507 1567 quid
1538 1488 1845 1549 observare
1875 1506 1964 1547 me
1989 1484 2154 1547 velis.
2354 1498 2410 1549 15

1055 1621 1329 1683 vann.
1360 1619 1651 1700 [Lxxlv.]

1015 1722 1341 1775 TRAIANUS
1371 1721 1579 1774 PLINIO
1619 1721 1672 1772 S.

483 1822 694 1882 Durum
717 1834 806 1887 est
826 1826 1116 1903 iniungere
1138 1828 1538 1887 necessitatem
1556 1824 1990 1904 provincialibus
2011 1825 2336 1903 pontificum

359 1906 761 1985 adeundorum,
795 1911 842 1969 si
868 1908 1137 1989 reliquias
1173 1929 1402 1972 suorum
1424 1919 1661 1989 propter
1686 1907 1900 1987 aliquas
1930 1909 2103 1969 iustas
2138 1919 2409 1972 causas20

359 1993 663 2052 transferre
695 2012 768 2052 ex
793 1994 925 2052 loco
964 1997 1019 2052 in
1060 1995 1222 2055 alium
1257 1994 1445 2054 locum
1473 1994 1669 2054 velint.
1733 1993 2031 2071 Sequenda
2059 2010 2199 2069 ergo
2233 2010 2334 2072 po-

360 2079 469 2135 tius
501 2076 600 2134 tibi
641 2078 901 2153 exempla
940 2088 1066 2139 sunt
1104 2097 1299 2139 eorum
1343 2080 1437 2158 qui
1476 2080 1567 2138 isti
1605 2079 1930 2157 provinciae
1971 2076 2332 2154 praefuerunt

362 2168 420 2219 et
448 2178 522 2218 ex
552 2177 716 2219 causa
747 2163 948 2239 cuique
981 2163 1056 2222 ita
1085 2173 1178 2223 aut
1206 2162 1638 2242 permittendum
1668 2171 1759 2220 aut
1792 2161 2123 2237 negandum.
2209 2163 2222 2172 ’

1107 2295 1277 2355 Lxx.
1321 2296 1582 2373 [Lxxm

798 2392 850 2443 C.
882 2394 1128 2446 PLINIUS
1163 2394 1451 2446 TRAIANO
1480 2393 1891 2447 IMPERATORI.

317 2507 346 2557 1
485 2494 788 2568 Quaerenti
816 2499 978 2575 mihi,
1013 2498 1257 2576 domine,
1292 2498 1501 2559 Prusae
1530 2499 1626 2558 ubi
1654 2507 1854 2578 posset
1877 2496 2154 2557 balineum
2186 2496 2333 2577 qnod

361 2578 639 2640 indulsisti
669 2581 821 2658 fieri,
863 2581 1076 2661 placuit
1106 2582 1268 2643 loeus
1306 2585 1361 2641 in
1395 2600 1507 2662 quo
1538 2583 1640 2642 fuit
1672 2579 1968 2661 aliquando
1999 2580 2230 2659 domus,
2275 2590 2332 2639 ut

358 2663 544 2741 audie,
576 2663 830 2742 pulchra,
859 2685 1005 2726 nunc
1036 2665 1300 2726 deformis
1329 2669 1520 2727 ruinis.
1569 2665 1678 2725 Per
1696 2666 1808 2725 hoc
1840 2668 1985 2726 enim
2017 2682 2329 2743 conseque·
2439 2697 2440 2726 ;

357 2766 478 2807 mur
507 2759 565 2808 ut
604 2749 927 2809 foedissima
966 2749 1143 2810 facies
1183 2753 1422 2811 civitatis
1467 2760 1696 2810 ornetur
1730 2760 1898 2828 atque
1930 2752 2095 2809 etiam
2123 2759 2185 2809 ut
2215 2752 2398 2829 ipsa30
2439 2733 2440 2776 ¹

358 2833 551 2892 civitas
589 2832 884 2910 amplietur
918 2851 1028 2893 nec
1068 2832 1182 2893 ulla
1220 2834 1475 2894 aedificia
1504 2833 1808 2912 tollantur,
1848 2834 1988 2910 sed,
2031 2851 2177 2911 quae
2205 2839 2330 2893 sunt

306 2924 634 2975 2vetustate
664 2915 950 2995 sublapsa,
980 2917 1302 2979 relaxentur
1329 2920 1385 2977 in
1413 2918 1635 2979 melius.
1699 2918 1804 2979 Est
1828 2927 2012 2978 autem
2040 2917 2203 2977 huius
2234 2917 2327 2976 do-

354 3016 478 3057 mus
512 2999 754 3059 conditio
785 3001 941 3061 talis:
987 3001 1275 3078 legaverat
1305 3021 1427 3063 eam
1457 3002 1719 3065 Claudius
1749 3001 2065 3077 Polyaenus
2099 3000 2328 3061 Claudio
2435 3005 2436 3058 i

359 3079 588 3139 Caesari
628 3084 903 3163 iussitque
944 3088 1002 3144 in
1041 3086 1338 3164 peristylio
1381 3085 1653 3165 templum
1692 3090 1748 3147 ei
1791 3087 1944 3163 fieri,
1998 3086 2217 3165 reliqua
2257 3102 2327 3144 ex

357 3162 520 3223 domo
552 3164 742 3228 locari.
783 3167 873 3227 Ex
891 3188 959 3229 ea
985 3170 1223 3231 reditum
1244 3171 1555 3249 aliquandiu
1580 3172 1774 3231 civitas
1799 3172 2088 3248 percepit:
2122 3168 2323 3230 deinde
2339 3173 2397 3229 35

357 3245 618 3322 paulatim
656 3254 852 3326 partim
894 3254 1130 3332 spoliata
1176 3258 1374 3333 partim
1415 3255 1683 3332 neglecta
1726 3271 1853 3314 cum
1891 3252 2188 3334 peristylio
2230 3252 2324 3312 do·

355 3347 478 3388 mus
519 3340 635 3391 tota
675 3334 942 3412 conlapsa
983 3346 1102 3412 est,
1153 3356 1222 3396 ac
1259 3342 1365 3397 iam
1405 3357 1584 3417 paene
1618 3338 1753 3399 nihil
1797 3357 1872 3397 ex
1914 3357 1982 3399 ea
2008 3339 2115 3399 nisi
2144 3336 2328 3400 solum
2431 3343 2432 3364 ¹

356 3424 645 3492 superest;
675 3416 827 3492 quod
853 3426 935 3492 tu,
968 3418 1218 3499 domine,
1251 3423 1374 3482 sive
1409 3422 1706 3485 donaveris
1731 3424 1943 3485 civitati
1975 3424 2101 3484 sive
2127 3424 2329 3484 venire
2425 3437 2430 3516 j

2425 3525 2428 3644 l

2403 3685 2426 3794 l

2349 2342 2406 2393 25
