2467 3850
303 172 387 236 42
1143 170 1206 232 C.
1252 171 1440 232 PLlNl

255 336 287 390 7
303 333 749 404 permoveretur.
814 323 1008 386 Potest
1034 335 1217 386 tamen
1251 325 1370 384 lieri
1401 335 1457 385 ut
1491 340 1818 402 quamquam
1846 324 1900 384 in
1930 323 2017 383 his
2044 322 2288 384 difficul-

307 409 511 468 tatibus
551 407 695 468 libro
737 410 828 470 isti
868 412 1086 469 novitas
1132 408 1520 485 lenocinetur,
1578 409 1794 468 novitas
1834 408 1979 485 apud
2022 416 2287 475 nostros;

306 491 451 570 apud
478 489 728 552 Graecos
763 493 909 551 enim
942 502 1031 553 est
1053 491 1310 570 quiddam
1333 493 1581 570 quamvis
1610 509 1684 551 ex
1711 491 1935 551 diverso
1962 507 2076 550 non
2095 500 2290 551 tamen

254 585 289 638 8
307 577 528 636 omnino
561 574 845 635 dissimile.
887 575 1028 636 Nam
1054 584 1114 636 ut
1135 574 1246 635 illis
1269 586 1389 636 erat
1414 578 1584 635 moris
1615 575 1777 652 leges
1808 591 1944 652 quas
1975 584 2035 634 ut
2064 583 2289 634 contra·

303 660 415 719 rias
440 659 718 736 prioribus
743 658 966 735 legibus
990 660 1298 737 arguebant
1328 658 1553 719 aliarum
1586 657 1888 717 collatione
1919 660 2285 734 convincere,
2307 672 2345 726 5

306 745 384 803 ita
415 742 576 802 nobis
602 743 789 802 inesse
813 744 1244 821 repetundarum
1268 740 1383 820 legi
1409 741 1559 819 quod
1588 741 1997 819 postularemus
2029 759 2154 801 cum
2177 741 2289 802 hac

307 828 432 905 ipsa
461 825 593 903 lege
621 835 735 886 tum
764 825 887 886 aliis
912 826 1288 904 colligendum
1308 827 1437 895 fuit;
1471 824 1621 903 quod
1648 840 1996 903 nequaquam
2025 824 2291 886 blandum

309 909 533 970 auribus
562 911 923 987 inperitorum
950 918 1101 969 tanto
1130 912 1395 969 maiorem
1419 908 1565 988 apud
1588 907 1788 968 doctos
1815 908 2023 968 habere
2052 910 2289 985 gratiam

258 992 514 1068 9debet,
565 1000 770 1070 quanto
811 996 1079 1053 minorem
1118 993 1267 1070 apud
1298 992 1553 1052 indoctos
1587 992 1775 1051 habet.
1837 990 1958 1051 Nos
1986 1001 2204 1069 autem,
2235 993 2290 1052 si

310 1075 584 1155 placuerit
624 1077 897 1154 recitare,
939 1075 1232 1135 adhibituri
1275 1095 1465 1137 sumus
1511 1075 1939 1136 eruditissimum
1981 1093 2285 1155 quemque.
2309 1098 2382 1152 10

312 1158 427 1218 Sed
455 1157 621 1238 plane
649 1156 829 1219 adhuc
858 1177 926 1220 an
956 1162 1026 1219 sit
1066 1159 1409 1221 recitandum
1441 1161 1690 1219 examina
1722 1168 1942 1232 tecum,
1988 1161 2287 1237 omnisque

312 1258 454 1322 quos
477 1259 588 1320 ego
619 1244 766 1302 movi
801 1244 857 1302 in
888 1251 1126 1321 utraque
1155 1252 1314 1321 parte
1346 1242 1594 1303 calculos
1624 1259 1809 1320 pone,
1845 1240 2012 1319 idque
2049 1241 2202 1320 elige
2230 1247 2291 1302 in

313 1342 425 1406 quo
454 1327 649 1386 vicerit
678 1329 839 1386 ratio.
877 1326 1007 1386 Ate
1031 1327 1175 1386 enim
1205 1329 1347 1387 ratio
1372 1328 1633 1404 exigitur,
1665 1342 1771 1386 nos
1800 1326 2089 1387 excusabit
2118 1327 2287 1387 obse·
2369 1323 2374 1329 ’

312 1412 516 1489 quium.
574 1408 735 1469 Vale.

1232 1541 1358 1604 xx.
2307 1508 2376 1562 ¹⁵

836 1641 890 1697 C.
933 1643 1181 1695 PLINIUS
1218 1642 1514 1695 CALVISIO
1551 1642 1670 1694 SUO
1706 1641 1758 1697 S.

266 1759 287 1809 1
432 1744 637 1806 Assem
661 1763 793 1825 para
822 1755 880 1806 et
906 1746 1104 1825 accipe
1134 1764 1358 1813 auream
1380 1743 1644 1824 fabulam,
1679 1743 1893 1805 fabulas
1922 1747 2115 1804 immo:
2162 1761 2289 1804 nam

314 1846 404 1888 me
435 1831 680 1908 priorum
713 1848 856 1889 nova
885 1828 1198 1907 admonuit,
1236 1849 1347 1891 nec
1375 1829 1550 1891 refert
1578 1847 1610 1889 a
1637 1848 1746 1908 qua
1776 1831 2121 1908 potissimum
2150 1829 2288 1887 inci-

264 1926 297 1978 2
354 1914 476 1974 iam.
507 1912 746 1975 Verania
767 1913 986 1974 Pisonis
1007 1916 1256 1992 graviter
1275 1914 1514 1990 iacebat,
1540 1913 1700 1974 buius
1725 1912 1855 1974 dico
1877 1911 2094 1973 Pisonis
2120 1930 2286 1990 quem
2305 1929 2378 1984 20

367 1996 492 2057 alba
520 1997 816 2076 adoptavit.
864 1997 952 2057 Ad
981 1998 1123 2058 hanc
1150 1997 1407 2075 Regulus
1434 2000 1603 2058 venit.
1658 1997 1891 2057 Primum
1914 1996 2289 2075 inpudentiam

316 2080 552 2141 hominis
584 2083 677 2159 qui
703 2084 919 2140 venerit
945 2079 1015 2139 ad
1038 2098 1286 2157 aegram,
1314 2082 1471 2140 cuius
1498 2082 1694 2140 marito
1717 2082 2147 2155 inimicissimus,
2177 2079 2291 2157 ipsi

262 2166 681 2229 3invisissimus
711 2164 909 2223 fuerat.
952 2161 1116 2241 Esto,
1150 2165 1198 2223 si
1227 2165 1381 2223 venit
1407 2173 1643 2223 tantum:
1675 2164 1745 2224 ad
1774 2164 1871 2224 ille
1902 2166 2066 2224 etiam
2099 2163 2289 2241 proxi·

316 2265 435 2306 mus
462 2256 590 2307 toro
620 2247 787 2322 sedit,
821 2263 934 2323 quo
965 2244 1078 2323 die,
1112 2262 1220 2323 qua
1250 2245 1385 2306 hora
1414 2257 1540 2307 nata
1568 2258 1726 2309 esset
1754 2249 2134 2325 interrogavit.
2178 2246 2289 2306 Ubi

317 2329 519 2407 audiit,
553 2332 836 2408 componit
864 2327 1108 2406 vultum,
1153 2330 1384 2391 intendit
1413 2330 1647 2408 oculos,
1680 2341 1869 2391 movet
1898 2331 2082 2402 labra,
2114 2331 2288 2406 agitat
2306 2340 2375 2394 25
2457 2397 2458 2400 ,

318 2413 546 2489 digitos,
576 2422 886 2491 computat;
914 2411 1077 2471 nihil:
1110 2423 1169 2473 ut
1184 2412 1277 2472 dlu
1289 2417 1551 2474 miseram
1563 2413 2288 2494 expectationesuspendit,

267 2507 302 2560 4
320 2496 542 2555 habes’
588 2495 775 2574 inquid
817 2494 1280 2557 ‘climactericum
1316 2507 1571 2577 tempus,
1614 2498 1718 2558 sed
1748 2498 1975 2580 evades.
2038 2496 2203 2570 Quod
2231 2507 2292 2558 ut

317 2580 417 2638 tibi
446 2580 620 2655 magis
651 2579 882 2658 liqueat,
912 2579 1268 2659 haruspicem
1301 2580 1588 2643 consulam
1616 2597 1783 2658 quem
1812 2569 1934 2641 su'm
1962 2577 2293 2658 frequenter

260 2674 299 2736 fi
318 2669 631 2741 expertus'.
677 2661 800 2723 Nec
821 2681 1002 2731 mora;
1038 2664 1371 2725 sacrificium
1392 2665 1546 2742 facit,
1576 2664 1824 2725 adfirmat
1844 2674 1972 2726 exta
1995 2681 2118 2725 cum
2142 2663 2289 2725 side·

316 2764 435 2806 rum
459 2748 865 2822 significatione
893 2765 1224 2823 congruere.
1266 2745 1390 2826 Illa,
1406 2750 1532 2808 utin
1547 2748 1804 2827 periculo
1829 2747 2078 2824 credula,
2100 2748 2288 2827 poscit
2306 2760 2378 2815 30
2457 2767 2458 2818 i

319 2828 647 2907 codicillos,
689 2829 936 2908 legatum
966 2829 1190 2909 Regulo
1232 2833 1457 2892 scribit:
1507 2849 1638 2891 mox
1676 2833 2043 2909 ingravescit:
2091 2829 2290 2894 clamat

316 2914 561 2974 moriens
591 2913 870 2974 hominem
896 2932 1167 2994 nequam,
1213 2916 1486 2993 perfidum
1514 2933 1582 2975 ac
1610 2914 1739 2993 plus
1771 2918 1936 2975 etiam
1970 2932 2132 2993 quam
2162 2931 2289 2992 per·

268 2997 532 3073 fiiurum,
577 2999 670 3095 qui
710 2998 817 3057 sibi
860 3016 965 3077 per
995 2997 1233 3060 salutem
1265 2999 1362 3058 filii
1391 2999 1727 3077 peierasset.
1771 2998 1929 3059 Facit
1957 2998 2069 3059 hoc
2097 2996 2289 3074 Regu·

314 3077 404 3139 lus
434 3096 544 3140 non
572 3082 750 3142 minus
781 3081 1062 3143 scelerate
1087 3099 1251 3160 quam
1280 3082 1641 3160 frequenter,
1687 3082 1837 3160 quod
1869 3083 2003 3142 iram
2034 3080 2286 3157 deorum,

2449 2889 2459 2926 d

317 3180 459 3240 quos
505 3166 632 3243 ipse
674 3165 878 3224 cotidie
933 3164 1106 3243 fallit,
1163 3167 1219 3224 in
1263 3174 1430 3243 caput
1471 3163 1713 3225 infelicis
1754 3168 1916 3244 pueri
1959 3165 2284 3226 detestatur.
2302 3176 2373 3232 35
2457 3191 2458 3224 ι

263 3245 568 3308 ‘IVelleius
600 3246 868 3326 Blaesus,
916 3246 1012 3308 ille
1054 3246 1315 3326 locuples
1357 3246 1701 3325 consularis,
1746 3250 2049 3310 novissima
2091 3247 2287 3308 valitu-
2457 3275 2458 3366 1

316 3329 444 3390 dine
488 3331 938 3391 conflictabatur:
995 3331 1259 3409 cupiebat
1298 3339 1510 3391 mutare
1538 3340 1945 3393 testamentum.
2008 3329 2286 3409 Regulus,
2457 3375 2458 3442 1

318 3414 411 3492 qui
445 3424 699 3492 speraret
729 3413 937 3493 aliquid
978 3431 1053 3473 ex
1081 3415 1243 3475 novis
1270 3412 1508 3491 tabulis,
1542 3416 1669 3493 quia
1696 3433 1877 3494 nuper
1908 3424 2134 3494 captare
2163 3432 2289 3490 eun
