2467 3850
313 191 439 255 204
901 187 967 250 C.
1009 182 1202 250 PLINI
1236 188 1334 250 ΕΤ
1376 186 1685 249 TRAIANI

1031 341 1205 403 xvu.
1252 340 1556 424 [xxva

749 442 804 493 C.
836 442 1082 494 PLINIUS
1117 443 1400 495 TRAIANO
1440 440 1847 495 IMPERATORI.

270 584 299 635 1
441 561 599 623 Sicut
620 560 1038 622 saluberrimam
1063 563 1499 640 navigationem,
1530 562 1774 639 domine,
1804 579 1984 640 usque
2006 557 2299 638 Ephesum

322 656 625 727 expertus,
656 648 731 707 ita
762 645 924 724 inde,
967 657 1265 726 postquam
1286 646 1565 707 vehiculis
1590 650 1697 706 iter
1725 646 1920 706 facere
1945 645 2143 723 coepi,
2168 660 2343 721 gra-5

319 730 563 792 vissimis
593 732 839 793 aestibus
875 738 1042 809 atque
1077 733 1243 791 etiam
1276 729 1567 792 febriculis
1601 737 1838 790 vexatus
1876 728 2133 805 Pergami
2166 728 2298 788 sub·

270 816 451 886 2stiti.
511 812 759 891 RursuS,
803 831 928 874 cum
956 816 1279 875 transissem
1312 817 1368 874 in
1399 817 1610 875 orarias
1639 812 1963 890 naviculas,
2003 812 2297 872 contrariis

323 901 505 959 ventis
533 906 786 959 retentus
818 897 1100 976 aliquanto
1132 898 1341 959 tardius
1372 916 1535 977 quam
1563 915 1953 977 speraveram,
1983 895 2038 955 id
2075 904 2164 956 est
2193 894 2302 955 XV

323 982 444 1042 Kal.
477 981 783 1059 Octobres,
818 981 1126 1056 Bithyniam
1157 984 1371 1042 intravi.
1414 982 1542 1042 Non
1568 999 1800 1061 possum
1829 990 2012 1040 tamen
2042 979 2113 1040 de
2142 996 2302 1038 mora

323 1067 515 1145 queri,
556 1084 680 1125 cum
709 1065 840 1127 mihi
870 1067 1200 1142 contigerit,
1244 1065 1395 1145 quod
1424 1073 1548 1126 erat
1571 1065 2105 1144 auspicatissimum,
2147 1073 2300 1124 nata·
2318 1082 2383 1135 10

271 1148 436 1219 alem
473 1160 625 1211 tuum
662 1150 719 1209 in
756 1151 1047 1229 provincia
1082 1148 1396 1214 celebrare.
1456 1148 1619 1209 Nunc
1651 1150 1736 1209 rei
1763 1148 2027 1227 publicae
2060 1146 2300 1208 Prusen-

325 1236 469 1295 sium
496 1233 754 1313 inpendia
781 1231 995 1293 reditus
1026 1233 1314 1295 debitores
1343 1235 1597 1303 excutio;
1628 1231 1778 1310 quod
1811 1251 1884 1291 ex
1909 1233 2037 1311 ipso
2066 1238 2304 1291 tractatu

325 1319 501 1395 magis
530 1336 597 1376 ac
627 1318 805 1393 magis
836 1319 1222 1378 necessarium
1251 1317 1544 1396 intellego.
1608 1315 1817 1376 Multae
1849 1318 1996 1375 enim
2023 1315 2303 1393 pecuniae

325 1402 494 1461 variis
529 1419 603 1460 ex
639 1402 824 1460 causis
862 1417 894 1459 a
923 1402 1152 1479 privatis
1182 1401 1529 1462 detinentur:
1576 1410 1871 1478 praeterea
1901 1399 2170 1478 quaedam
2204 1395 2305 1456 mi-

279 1502 314 1553 4
332 1485 478 1543 nime
502 1483 767 1561 legitimis
790 1485 1099 1562 sumptibus
1123 1495 1443 1564 erogantur.
1486 1483 1645 1545 Haec
1666 1483 1789 1562 tibi,
1825 1482 2067 1559 domine,
2097 1483 2304 1561 inipso
2320 1506 2383 1558 15

331 1569 592 1645 ingressu
619 1584 748 1627 meo
780 1567 1001 1647 scripsi.

665 1743 668 1745 “
765 1722 819 1773 G.
853 1720 1102 1773 PLINIUS
1130 1719 1422 1772 TRAIANO
1454 1719 1871 1771 IMPERATORI.

453 1824 658 1899 Quinto
698 1824 918 1885 decimo
960 1823 1239 1885 Kalendas
1292 1823 1604 1901 Octobres,
1654 1823 1909 1900 domine,
1964 1821 2307 1902 provinciam

329 1911 557 1988 intravi,
599 1927 762 1988 quam
805 1911 861 1969 in
891 1927 964 1969 eo
986 1909 1298 1989 obsequio,
1341 1910 1398 1968 in
1433 1927 1500 1968 ea
1530 1926 1665 1986 erga
1690 1918 1748 1968 te
1777 1907 1883 1968 fide
1916 1925 2079 1986 quam
2105 1905 2177 1965 de
2206 1924 2390 1983 ge-20

281 2011 313 2061 5
330 2014 466 2056 nere
494 1994 730 2055 humano
757 1995 993 2053 mereris
1023 1994 1227 2052 inveni.
1268 1992 1526 2070 Dispice,
1558 1992 1802 2069 domine,
1828 2010 1899 2051 an
1925 1992 2310 2052 necessarium

331 2088 496 2157 putes
535 2080 755 2138 mittere
794 2077 905 2137 huc
938 2093 1278 2137 mensorem.
1341 2076 1615 2137 Videntur
1655 2078 1804 2136 enim
1842 2094 1954 2136 non
1989 2074 2309 2134 mediocres

332 2163 618 2239 pecuniae,
647 2178 822 2239 posse
862 2162 1119 2220 revocari
1150 2179 1182 2221 a
1218 2161 1571 2224 curatoribus
1605 2176 1870 2237 operum,
1917 2161 1964 2221 si
2010 2174 2316 2242 mensurae·

333 2244 573 2305 fideliter
613 2253 866 2341 aguntur.
934 2242 1017 2303 lta
1057 2254 1215 2305 certe
1255 2245 1548 2324 prospicio
1580 2262 1653 2304 ex
1679 2246 1895 2304 ratione
1925 2242 2308 2319 Prusensium,

335 2345 500 2406 quam
528 2345 652 2388 cum
680 2343 914 2387 maxlme
944 2336 1143 2387 tracto.
2323 2344 2389 2397 25

1033 2478 1240 2540 xvm.
1271 2478 1604 2562 [xxvlmq

993 2573 1313 2627 TRAIANUS
1350 2576 1557 2628 PLINIO
1597 2574 1648 2625 S.

283 2708 313 2759 l
453 2694 735 2776 Cuperem
762 2698 886 2758 sine
915 2691 1171 2776 querella
1205 2693 1533 2773 corpusculi
1561 2696 1641 2753 tui
1670 2702 1728 2754 et
1757 2703 1979 2754 tuorum
2009 2694 2312 2771 pervenire
2453 2733 2454 2784 1

335 2781 392 2841 in
424 2778 733 2856 Bithyniam
770 2783 1061 2861 potuisses
1098 2798 1166 2839 ac
1206 2778 1388 2839 simile
1427 2779 1529 2838 tibi
1571 2780 1682 2837 iter
1709 2778 1776 2836 ab
1811 2776 2045 2855 Epheso
2073 2785 2135 2835 ut
2162 2778 2392 2849 navi-30
2453 2789 2454 2808 ¹

284 2867 544 2941 aganoni
572 2864 796 2942 fuisset,
833 2882 998 2942 quam
1027 2871 1295 2942 expertus
1320 2879 1505 2940 usque
1532 2860 1633 2921 illo
1664 2879 1806 2922 eras.
1854 2860 1981 2934 Quo
2009 2868 2194 2920 autem
2224 2859 2317 2921 die

336 2950 702 3025 pervenisses
731 2950 787 3008 in
820 2948 1131 3024 Bithyniam
1162 2948 1429 3024 cog-novi,
1463 2945 1724 3005 Secunde
1756 2946 2074 3019 carissime,
2111 2942 2316 3004 litteris

336 3032 467 3090 tuis.
529 3030 944 3109 Pr0vinciales,
998 3030 1203 3106 credo,
1236 3039 1602 3109 prospectum
1637 3029 1744 3089 sibi
1775 3047 1807 3088 a
1835 3045 1924 3087 me
1960 3025 2317 3103 intellegent.

338 3110 477 3171 Nam
519 3122 577 3173 et
617 3123 675 3173 tu
720 3114 876 3175 dabis
919 3132 1150 3193 operam
1194 3124 1254 3174 ut
1296 3112 1651 3173 manifestum
1692 3114 1766 3172 sit
1807 3111 1919 3172 illis
1968 3111 2216 3170 electum
2257 3119 2317 3169 te

286 3205 503 3269 3esse,
556 3198 651 3273 qui
680 3196 750 3257 ad
787 3198 1023 3259 eosdem
1053 3198 1167 3257 mei
1201 3196 1338 3258 loco
1365 3197 1683 3256 mittereris.
1744 3194 2014 3256 Rationes
2044 3203 2234 3254 autem
2261 3196 2392 3258 in35

339 3280 666 3357 primis-tibi
703 3298 890 3348 rerum
935 3280 1282 3360 publicarum
1321 3280 1688 3341 excutiendae
1729 3288 1884 3339 sunt:
1926 3295 2051 3338 nam
2085 3285 2142 3337 et
2183 3294 2318 3338 esse

341 3378 441 3422 eas
483 3370 712 3422 vexatas
754 3365 889 3424 satis
939 3372 1174 3423 constat.
1250 3362 1546 3424 Mensores
1586 3363 1683 3422 vix
1724 3363 1890 3422 etiam
1928 3364 1999 3424 iis
2043 3362 2319 3440 operibus

342 3460 487 3520 quae
517 3454 610 3505 aut
634 3445 845 3506 Romae
874 3454 966 3505 aut
1004 3447 1061 3504 in
1101 3448 1358 3524 proximo
1403 3448 1536 3506 fiunt
1576 3445 1924 3508 sufficienter
1952 3446 2169 3507 habeo:
2214 3444 2322 3508 sed
