2467 3850
613 188 1134 252 Erls'roLARUM
1164 187 1316 250 vm.
1357 199 1408 254 s.
1442 200 1494 256 9.
1526 203 1610 255 ιο.
1645 203 1726 254 ιι.
2051 191 2167 256 161

774 441 829 497 C.
870 343 1326 495 PLINIUgllngoSO
1358 441 1478 494 SUO
1512 442 1568 493 S.

300 559 449 620 Olim
475 577 589 620 non
616 560 816 620 librum
846 564 902 621 in
929 579 1146 640 manus,
1176 578 1289 621 non
1313 559 1500 620 stilum
1530 562 1773 639 sumpsi;
1808 559 1939 620 olim
1967 564 2164 623 nescio
2193 572 2216 623 l

174 644 310 725 quid
342 646 415 704 sit
454 645 661 720 otium,
708 645 840 722 quid
885 648 1082 722 quies,
1134 645 1269 724 quid
1296 644 1539 723 denique
1568 643 1705 703 illud
1733 646 1885 705 iners
1918 645 2164 725 quidem,

123 728 476 790 siucundum
509 737 695 787 tamen
740 727 875 787 nihil
914 747 1124 806 agere,
1172 726 1307 788 nihil
1351 745 1515 788 esse:
1564 727 1707 787 adeo
1737 726 1909 788 multa
1938 746 2028 789 me
2066 749 2164 790 ne-

170 814 327 890 gotia
355 813 660 872 amicorum
681 829 789 871 nec
819 813 1097 872 secedere
1121 830 1229 871 nec
1251 811 1478 871 studere
1499 814 1798 890 patiuntur.
1839 810 2004 872 Nulla
2022 816 2167 872 enim
2186 832 2219 883 2

172 895 357 957 studia
378 897 513 955 tanti
535 903 596 955 ut
623 897 898 956 amicitiae
934 896 1179 955 officium
1211 895 1525 971 deseratur,
1559 896 1708 973 quod
1738 894 2163 973 religiosissime

172 978 602 1040 custodiendum
636 979 815 1039 studia
843 982 967 1058 ipsa
989 981 1363 1058 praecipiunt.
1429 978 1588 1037 Vale.

93 1162 157 1213 10
1128 1127 1200 1188 X.

138 1252 145 1263 ·
528 1226 582 1277 G.
618 1228 865 1279 PLINIUS
898 1228 1153 1279 FABATO
1188 1225 1559 1280 PROSOCERO
1597 1225 1715 1277 SUO
1752 1226 1805 1283 S.

296 1328 426 1403 Quo
456 1329 635 1405 magis
671 1329 836 1408 cupis
867 1344 941 1389 ex
967 1330 1132 1391 nobis
1161 1339 1515 1409 pronepotes
1549 1328 1777 1409 videre,
1810 1330 1924 1391 hoc
1952 1330 2167 1390 tristior
2184 1347 2212 1397 1

169 1413 364 1473 audies
393 1421 623 1492 neptem
644 1421 792 1473 tuam
817 1413 1073 1474 abortum
1102 1414 1341 1491 fecisse,
1366 1413 1495 1473 dum
1519 1430 1583 1473 se
1606 1423 2007 1493 praegnantem
2029 1433 2162 1474 esse

172 1494 506 1575 puellariter
537 1497 723 1557 nescit
751 1514 820 1556 ac
866 1515 970 1575 per
1009 1498 1120 1558 hoc
1152 1498 1424 1576 quaedam
1457 1497 1826 1559 custodienda
1853 1516 2161 1577 praegnan-

88 1592 151 1643 15
168 1581 321 1641 tibus
353 1581 573 1657 omittit,
606 1580 740 1639 facit
772 1581 1090 1641 omittenda.
1138 1581 1321 1654 Quem
1346 1599 1597 1641 errorem
1619 1584 1832 1657 magnis
1857 1580 2160 1645 documen·

167 1665 243 1724 tis
276 1665 523 1742 expiavit
548 1666 604 1725 in
632 1680 905 1724 summum
932 1664 1248 1743 periculum
1277 1664 1535 1725 adducta.
1593 1662 1773 1741 Igitur
1811 1674 1871 1724 ut
1912 1682 2159 1726 necesse
2178 1678 2212 1728 2

169 1756 261 1808 est
301 1749 550 1824 graviter
590 1747 841 1826 accipias
885 1756 1242 1808 senectutem
1284 1757 1432 1807 tuam
1476 1749 1635 1826 quasi
1676 1750 1882 1826 paratis
1911 1751 2159 1826 posteris

168 1831 519 1908 destitutam,
563 1833 648 1893 sic
680 1829 858 1892 debes
904 1849 1078 1908 agere
1119 1830 1224 1891 diis
1264 1831 1470 1908 gratias
1513 1830 1666 1909 quod
1694 1833 1768 1889 ita
1791 1831 1892 1891 tibi
1919 1834 1975 1890 in
1999 1849 2164 1909 prae·-

168 1917 348 1976 sentia
372 1924 722 1996 pronepotes
754 1924 1103 1993 negaverunt
1132 1926 1193 1977 ut
1223 1925 1517 1976 servarent
1539 1925 1792 1995 neptem,
1818 1913 1951 1976 illos
1974 1914 2159 1974 reddi-

12 2037 24 2070 ι
85 2001 300 2076 acturi,
333 2017 567 2078 quorum
598 2000 762 2061 nobis
792 2017 955 2078 spem
983 2000 1284 2061 certiorem
1306 1999 1448 2059 haec
1471 2001 1593 2078 ipsa
1614 2016 1945 2077 quamquam
1967 2016 2160 2077 parum

140 2101 446 2163 ‚prospere
478 2084 768 2163 explorata
798 2083 1112 2144 fecunditas
1143 2084 1297 2144 facit.
1342 2081 1531 2144 Isdem
1559 2102 1707 2143 nunc
1729 2100 1841 2160 ego
1867 2092 1926 2142 te
1955 2082 2209 2160 quibus3

165 2170 349 2246 ipsum
379 2186 469 2228 me
508 2167 706 2228 hortor
735 2183 941 2228 moneo
988 2170 1277 2228 confirmo.
1338 2167 1541 2246 Neque
1589 2168 1737 2227 enim
1775 2166 2060 2227 ardentius
2098 2174 2157 2223 tu

166 2259 517 2330 pronepotes
549 2270 712 2330 quam
740 2270 854 2329 ego
886 2252 1100 2312 liberos
1133 2254 1325 2332 cupio,
1357 2253 1559 2331 quibus
1578 2252 1780 2311 videor
1796 2268 1925 2312 meo
1943 2261 2154 2328 tuoque

164 2335 345 2394 latere
387 2353 626 2413 pronum
662 2337 732 2397 ad
770 2335 1016 2396 honores
1056 2336 1166 2396 iter
1208 2346 1267 2397 et
1294 2336 1480 2396 audita
1511 2336 1675 2397 latius
1704 2337 1926 2398 nomina
1956 2345 2015 2395 et
2042 2351 2154 2393 non

83 2419 380 2481 258ubitas
411 2421 681 2497 imagines
703 2421 1023 2480 relicturus.
1091 2419 1406 2481 Nascantur
1432 2421 1599 2481 modo
1629 2430 1687 2482 et
1717 2419 1869 2481 hunc
1900 2429 2153 2481 nostrum

164 2501 423 2561 dolorem
450 2503 654 2579 gaudio
683 2512 911 2563 mutent.
979 2504 1140 2564 Vale.

1106 2652 1206 2713 XI.

645 2750 700 2805 G.
739 2749 986 2802 PLINIUS
1016 2751 1373 2803 HISPULLAE'
1410 2751 1576 2802 SUAE
1609 2750 1661 2805 S.

79 2858 148 2912 30
291 2850 434 2911 Cum
468 2849 752 2910 adfectum
794 2861 947 2911 tuum
982 2869 1119 2930 erga
1155 2854 1341 2913 fratris
1385 2853 1550 2912 filiam
1578 2853 1804 2929 cogito,
1846 2850 2011 2911 etiam
2038 2868 2148 2910 ma·
2169 2865 2197 2916 1

162 2946 324 2998 terna
354 2933 698 3009 indulgentia
725 2934 1040 2994 molliorem
1058 2980 1076 3013 ,
1129 2936 1404 3014 intellego
1434 2937 1588 3014 prius
1622 2935 1720 2994 tibi
1753 2934 1902 3012 quod
1931 2944 2020 2994 est
2049 2951 2149 3013 po·

163 3020 371 3081 sterius
404 3016 793 3095 nuntiandum,
836 3027 896 3076 ut
939 3030 1300 3097 praesumpta
1330 3019 1536 3080 laetitia
1570 3016 1932 3078 sollicitudini
1963 3017 2149 3079 locum

163 3121 276 3163 non
304 3101 599 3179 relinquat.
667 3101 1011 3179 Quamquam
1051 3119 1261 3162 vereor
1287 3121 1360 3166 ne
1391 3112 1523 3182 post
1553 3100 1980 3179 gratulationem
2009 3121 2147 3182 quo-

164 3187 355 3265 quein
389 3195 597 3245 metum
624 3185 828 3246 redeas
858 3195 1026 3263 atque
1057 3185 1131 3244 ita
1171 3186 1420 3263 gaudeas
1461 3185 1717 3265 periculo
1763 3184 2050 3248 liberatam
2087 3199 2149 3249 ut

75 3282 146 3337 35
166 3269 329 3330 simul
361 3269 511 3347 quod
538 3270 856 3348 periclitata
884 3271 957 3329 sit
986 3269 1412 3348 perhorrescas.
1456 3269 1693 3347 Hilaris,
1724 3270 1832 3329 iam
1859 3270 1964 3329 sibi
1981 3318 1999 3349 ,
2042 3272 2146 3331 iam
2166 3284 2199 3333 2

163 3352 296 3413 mihi
319 3353 565 3429 reddita,
610 3354 805 3432 incipit
833 3354 992 3412 refici
1025 3354 1523 3432 transmissumque
1554 3353 1855 3414 discrimen
1885 3354 2146 3414 convale-

164 3436 381 3499 scendo
411 3437 613 3496 metiri.
678 3437 805 3497 Fuit
835 3435 1044 3517 alioqui
1086 3438 1141 3496 in
1176 3454 1394 3497 summo
1425 3437 1780 3513 discrimine,
1829 3437 2036 3516 inpune
2069 3437 2147 3495 di·

244 3524 388 3576 Pmm
427 3524 522 3577 ΕΡ.
1746 3518 1823 3582 ll
