2467 3850
287 157 415 223 232
870 155 939 217 c:
977 153 1170 217 rum
1211 84 1336 216 nr·
1352 154 1665 217 ‘rmum
2129 106 2148 145 ⁴
2453 52 2463 195 i

176 324 193 340 ·
287 318 419 390 post
445 308 689 370 edictum
715 325 920 385 meum,
951 327 1064 387 quo
1094 307 1402 369 secundum
1429 307 1680 368 mandata
1710 317 1801 368 tua
1829 307 2106 371 hetaerias
2132 328 2270 371 esse

236 403 591 457 &vetum-am.
638 391 765 465 Quo
806 395 983 469 magis
1017 392 1401 453 necessarium
1433 391 1645 452 credidi
1675 410 1750 452 ex
1776 392 1988 453 duabus
2023 393 2268 471 ancillis,

288 494 431 556 quae
476 478 758 536 ministrae
796 476 1155 552 dicebantur,
1212 474 1345 553 quid
1387 484 1546 536 esset
1585 477 1705 535 veri
1745 485 1804 535 et
1843 494 1949 556 per
1989 486 2268 538 tormenta

287 576 580 640 quaerere.
637 558 786 619 Nihil
825 558 975 620 aliud
1013 560 1200 619 inveni
1237 577 1407 638 quam
1441 561 1901 637 superstitionem
1929 577 2153 639 pravam
2184 562 2268 620 in·
2461 590 2464 677 4

286 643 578 704 modiczssn.
618 642 756 703 Ideo
786 642 953 702 dilata
980 644 1304 720 cognitione
1337 641 1407 701 ad
1439 642 1843 702 consulendum
1864 653 1922 703 te
1950 643 2264 704 decucurri.
2288 657 2323 708 5

237 729 420 792 9Visa
461 736 549 788 est
588 727 734 785 enim
773 727 903 786 mihi
942 743 1036 786 res
1073 726 1239 802 digna
1271 725 1709 804 consultatione,
1761 728 1995 787 maxime
2030 737 2272 807 propter

286 810 718 892 periclitantium
750 828 1056 870 numerum.
1123 807 1284 868 Multi
1313 811 1461 868 enim
1491 810 1668 870 omnis
1698 813 1929 887 aetatis,
1967 813 2146 872 omnis
2177 829 2268 872 01·-

287 896 464 971 dinis,
506 895 798 972 utriusque
827 913 1002 955 sexus
1032 895 1230 969 etiam,
1280 903 1554 953 vocantur
1580 894 1637 952 in
1669 894 1980 973 periculum
2007 903 2067 955 et
2093 912 2268 956 voca·

284 979 503 1039 buntur.
565 976 768 1055 Neque
813 979 1067 1038 civitates
1109 986 1318 1036 tantum
1358 976 1462 1037 sed
1499 977 1660 1037 vicos
1703 980 1868 1038 etiam
1897 988 2064 1056 atque
2093 997 2267 1057 agros

285 1062 701 1141 superstitionis
737 1063 897 1123 istius
928 1062 1189 1138 contagio
1216 1068 1520 1139 pervagata
1548 1069 1665 1130 est;
1711 1080 1855 1139 quae
1886 1062 2107 1122 videtur
2140 1065 2264 1123 sisti
2283 1073 2355 1124 10

208 1164 270 1215 ιο
287 1155 346 1208 et
383 1147 588 1223 corrigi
618 1162 814 1223 posse.
861 1144 1033 1206 Certe
1066 1145 1200 1205 satis
1232 1152 1453 1204 constat
1490 1161 1671 1223 prope
1709 1146 1815 1205 iam
1843 1145 2093 1206 desolata
2125 1156 2266 1206 tem·
2465 1190 2467 1195 ⁴

160 1238 171 1255 ‘
285 1231 382 1309 pla
410 1232 678 1307 coepisse
708 1228 988 1289 celebrari
1016 1238 1074 1289 et
1105 1245 1268 1288 sacra
1290 1226 1584 1297 sollemnia
1613 1228 1704 1288 diu
1732 1230 2046 1290 intermissa
2077 1232 2265 1308 repeti
2463 1198 2467 1271 i

286 1317 617 1392 pastumque
646 1314 842 1373 venire
880 1313 1258 1388 victimarum,
1307 1312 1465 1373 cuius
1491 1312 1671 1372 adhuc
1698 1314 2012 1374 rarissimus
2040 1323 2265 1392 emptor

285 1396 688 1457 inveniebatur.
745 1394 834 1454 Ex
864 1412 976 1473 quo
1016 1394 1182 1455 facile
1220 1403 1311 1455 est
1351 1396 1565 1473 opinari
1606 1414 1750 1474 quae
1794 1397 1953 1457 turba
1980 1396 2264 1458 hominum

286 1479 565 1540 emendari
595 1481 795 1557 possit,
827 1481 875 1539 si
910 1481 981 1540 sit
1007 1480 1384 1558 paenitentiae
1414 1478 1596 1539 locus.
2280 1488 2349 1540 15

981 1591 1208 1656 xcvn.
1253 1591 1553 1673 [xcv111.]

934 1692 1258 1745 TRAIANUS
1294 1694 1504 1745 PLINIO
1542 1692 1593 1748 S.
1706 1734 1714 1743 .

237 1801 263 1852 1
406 1782 610 1843 Actum
639 1795 806 1859 quem
834 1778 1110 1858 debuisti,
1155 1780 1227 1839 mi
1271 1779 1567 1857 Secunde,
1609 1780 1663 1838 in
1695 1779 2044 1840 excutiendis
2074 1781 2261 1841 causis
2341 1786 2348 1792 '

284 1884 477 1930 eorum
511 1866 604 1947 qui
645 1863 941 1925 Christiani
974 1864 1043 1927 ad
1082 1872 1138 1926 te
1180 1862 1347 1925 delati
1388 1863 1603 1924 fuerant
1643 1872 1873 1926 secutus
1917 1883 2001 1925 es.
2055 1863 2259 1943 Neque

282 1955 426 2013 enim
463 1953 518 2011 in
559 1951 879 2010 universum
917 1947 1124 2026 aliquid
1156 1946 1307 2028 quod
1348 1948 1506 2025 quasi
1547 1956 1754 2007 certam
1793 1947 2025 2008 formam
2052 1947 2258 2010 habeat
2277 1945 2349 1998 20

228 2052 262 2103 2
284 2036 542 2096 constitui
576 2044 785 2112 potest.
849 2030 1228 2111 Conquirendi
1267 2049 1378 2090 non
1419 2040 1573 2091 sunt:
1626 2032 1674 2092 si
1712 2031 2032 2092 deferantur
2071 2042 2129 2092 et
2172 2051 2259 2091 ar-

282 2129 548 2201 guantur,
592 2116 857 2197 puniendi
892 2125 1053 2193 sunt,
1100 2118 1173 2176 ita
1210 2125 1396 2175 tamen
1438 2125 1498 2175 ut
1544 2117 1638 2193 qui
1679 2118 1971 2193 negaverit
2000 2135 2065 2177 se
2100 2115 2257 2176 Chri·

280 2205 514 2262 stianum
543 2219 677 2262 esse
707 2201 876 2278 idque
902 2218 966 2260 re
995 2202 1118 2277 ipsa
1147 2199 1499 2259 manifestum
1533 2199 1771 2276 fecerit,
1814 2198 1871 2259 id
1912 2209 2003 2261 est
2044 2198 2257 2279 suppli-

282 2285 458 2345 cando
486 2285 589 2345 diis
612 2286 841 2361 nostris,
861 2283 1110 2362 quamvis
1131 2292 1432 2361 suspectus
1456 2284 1512 2344 in
1538 2285 1919 2362 praeteritum,
1943 2286 2162 2344 veniam
2184 2301 2258 2344 ex

278 2369 617 2447 paenitentia
640 2370 899 2446 inpetret.
932 2367 1065 2428 Sine
1091 2375 1325 2427 auctore
1348 2383 1487 2426 vero
1509 2368 1788 2445 propositi
1810 2366 1988 2427 libelli
2011 2370 2074 2428 in
2093 2366 2255 2428 nullo
2273 2373 2341 2426 25

281 2453 508 2512 crimine
531 2451 716 2510 locum
739 2450 949 2512 habere
975 2450 1202 2512 debent.
1245 2447 1385 2510 Nam
1414 2460 1471 2509 et
1501 2452 1732 2528 pessimi
1760 2451 2003 2530 exempli
2025 2470 2133 2512 nec
2155 2466 2257 2511 no-

278 2537 379 2597 stri
405 2533 616 2597 saeculi
639 2543 745 2596 est.

947 2631 1206 2695 xcvm.
1249 2630 1577 2712 [xcvmm

709 2732 761 2785 G.
799 2732 1046 2785 PLINIUS
1083 2734 1371 2785 TRAIANO
1412 2731 1825 2785 IMPERATORI.

232 2830 259 2881 l
402 2818 872 2880 Amastrianorum
907 2818 1135 2896 civitas,
1179 2818 1434 2897 domine,
1482 2829 1542 2880 ct
1575 2818 1806 2895 elegans
1850 2826 1911 2878 et
1940 2825 2132 2878 ornata
2157 2817 2338 2884 ᾔει-30

279 2902 377 2963 bet
403 2905 550 2962 inter
577 2904 881 2981 praecipua
919 2918 1095 2981 opera
1132 2903 1561 2980 pulcherrimam
1601 2901 1948 2980 eandemque
1991 2900 2255 2978 longissi-

279 3001 421 3045 mam
453 2984 724 3063 plateam;
769 2988 929 3045 cuius
958 3004 989 3046 a
1019 2985 1198 3046 latere
1225 3005 1332 3065 per
1362 2989 1600 3064 spatium
1630 3002 1795 3046 omne
1821 2987 2127 3064 porrigitur
2153 3002 2254 3044 no-

279 3066 425 3125 mine
459 3068 681 3145 quidem
720 3069 958 3146 flumen,
1001 3087 1065 3128 re
1105 3087 1242 3129 vera
1276 3069 1474 3131 cloaca
1501 3069 1828 3130 foedissima
1868 3087 1933 3129 ac
1966 3072 2113 3129 sicut
2140 3079 2254 3129 tur·

226 3149 367 3227 2pis
392 3150 812 3213 inmundissimo
845 3161 1085 3231 aspectu
1124 3153 1200 3212 ita
1229 3153 1506 3232 pestilens
1538 3152 1714 3214 odore
1745 3154 2053 3213 teterrimo.
2115 3151 2252 3225 Qui·

278 3232 384 3293 bus
426 3249 501 3291 ex
522 3235 722 3313 ,causis
760 3253 872 3296 non
911 3238 1089 3295 minus
1132 3235 1473 3297 salubritatis
1524 3254 1685 3315 quam
1734 3236 1962 3296 decoris
2017 3238 2254 3297 interest
2269 3244 2339 3298 35

172 3355 177 3360 ·
278 3331 402 3373 eam
430 3317 685 3388 contegi:
716 3317 866 3394 quod
895 3319 1012 3395 fiet,
1037 3320 1086 3378 si
1108 3321 1434 3395 permiseris
1465 3320 1783 3379 curantibus
1814 3320 1975 3382 nobis
2010 3339 2081 3381 ne
2108 3320 2254 3381 desit

279 3411 504 3472 quoque
537 3399 771 3472 pecunia
800 3403 959 3475 operi
983 3409 1090 3459 tam
1123 3418 1325 3478 magno
1358 3420 1523 3480 quam
1549 3405 1893 3464 necessario.
