2467 3850
328 149 453 212 290
1169 146 1235 210 C.
1276 146 1469 209 PLINI

329 323 432 385 par
461 301 721 381 capiendi
752 301 1172 381 quaerendique
1211 301 1384 362 sudor
1415 319 1776 380 summusque
1808 312 1864 363 et
1891 303 2037 362 idem
2069 306 2316 381 gratissi·

329 407 452 450 mus
482 388 642 447 labor
673 388 945 447 invenire.
989 386 1330 463 Enimvero,
1363 387 1410 446 si
1445 386 1663 464 quando
1692 388 1904 466 placuit
1931 387 2082 447 idem
2110 405 2313 468 corpo-

329 476 408 533 ris
448 473 622 532 robur
661 474 719 529 in
756 473 926 530 maria
962 471 1222 549 proferre
1242 518 1259 548 ,
1290 487 1404 530 non
1432 471 1532 530 ille
1565 470 1834 531 fluitantia
1862 469 1990 530 vela
2013 482 2109 531 aut
2139 472 2315 532 oculis

332 559 586 635 sequitur
625 564 721 615 aut
758 555 1045 632 manibus,
1101 554 1204 614 sed
1246 573 1393 614 nunc
1434 555 1834 633 gubernaculis
1867 555 2116 632 adsidet,
2172 575 2316 615 nunc

332 657 459 701 cum
479 639 866 699 valentissimo
892 656 1117 717 quoque
1150 638 1425 699 sodalium
1455 648 1633 698 certat
1662 638 1924 715 frangere
1962 639 2190 716 fluctus,
2223 639 2316 698 do·
2336 647 2367 699 5

331 727 525 785 mitare
559 732 766 783 ventos
810 722 1156 782 reluctantes
1187 725 1472 801 remisque
1499 723 1808 782 transsilire
1842 723 2117 782 obstantia
2145 724 2315 784 freta:

230 820 311 882 82
334 819 598 887 quantum
640 806 925 867 dissimilis
967 805 1047 865 illi
1090 808 1184 884 qui
1226 825 1339 866 non
1377 806 1578 866 Albani
1620 805 1778 866 lacus
1819 809 1987 866 otium
2015 806 2317 886 Baianique

332 904 622 971 torporem
664 901 719 951 et
759 891 1039 950 silentium
1075 890 1260 968 ferre,
1306 909 1420 950 non
1449 890 1674 969 pulsum
1702 889 1901 950 saltem
1924 890 2317 968 fragoremque

329 994 609 1037 remorum
637 977 861 1054 perpeti
893 984 1115 1054 poterat
1139 977 1273 1051 quin
1294 975 1364 1033 ad
1392 973 1645 1052 singulos
1674 976 1820 1034 ictus
1849 977 1995 1053 turpi
2024 974 2317 1034 formidine

330 1058 724 1120 horresceret!
781 1058 980 1137 Itaque
1008 1058 1210 1137 procul
1243 1059 1313 1118 ab
1344 1060 1492 1117 omni
1523 1075 1666 1118 sono
1695 1060 2069 1118 inconcussus
2099 1061 2229 1138 ipse
2261 1066 2320 1119 et
2335 1070 2394 1121 10

330 1147 571 1204 inmotus
590 1189 607 1219 ,
637 1141 878 1220 religato
911 1145 1283 1220 revinctoque
1311 1144 1534 1219 navigio
1553 1188 1570 1218 ,
1602 1159 1715 1201 non
1743 1159 1914 1202 secus
1945 1160 2010 1201 ac
2037 1142 2322 1220 piaculum

331 1226 560 1305 aliquod
586 1226 927 1287 trahebatur.
970 1225 1161 1286 Foeda
1188 1226 1404 1303 facieS,
1437 1243 1562 1285 cum
1593 1226 1793 1305 populi
1820 1224 2053 1285 Romani
2079 1229 2318 1304 impera·

331 1322 422 1372 tor
459 1311 699 1371 alienum
744 1328 968 1370 cursum
1007 1310 1364 1387 alienumque
1399 1320 1717 1385 rectorem,
1767 1310 1925 1369 velut
1961 1319 2123 1387 capta
2150 1329 2316 1388 nave,

332 1403 689 1472 sequeretur.
745 1392 870 1453 Nec
910 1393 1268 1453 deformitate
1299 1395 1406 1453 ista
1436 1393 1637 1454 saltem
1666 1393 1887 1453 flumina
1916 1395 2212 1462 carebant;
2239 1403 2323 1453 at-

331 1497 443 1557 que
481 1479 645 1536 etiam
685 1476 974 1536 Danubius
1007 1496 1075 1536 ac
1103 1476 1337 1537 Rhenus
1378 1487 1590 1537 tantum
1627 1477 1764 1538 illud
1801 1480 1980 1538 nostri
2020 1477 2320 1540 dedecoris
2344 1487 2392 1539 15

328 1562 542 1621 vehere
569 1560 918 1639 gaudebant,
945 1579 1057 1620 non
1079 1563 1295 1621 minore
1323 1579 1448 1621 cum
1474 1560 1691 1639 pudore
1714 1564 1966 1639 imperii,
2000 1562 2150 1640 quod
2179 1561 2322 1622 haec

329 1645 613 1704 Romanae
641 1643 861 1723 aquilae
879 1690 896 1720 ,
928 1643 1176 1704 Romana
1204 1648 1398 1722 signa,
1425 1645 1674 1705 Romana
1696 1645 1938 1725 denique
1972 1648 2122 1723 ripa,
2157 1664 2323 1724 quam

330 1728 483 1808 quod
512 1729 755 1789 hostium
783 1738 1214 1807 prospectaret,
1258 1729 1531 1806 hostium,
1566 1731 1766 1806 quibus
1798 1731 1969 1788 moris
2003 1739 2090 1789 est
2122 1729 2323 1789 eadem
2438 1759 2448 2087 Ι

328 1813 425 1873 illa
456 1832 603 1872 nunc
626 1816 861 1891 rigentia
891 1812 1026 1889 gelu
1057 1812 1280 1872 flumina
1309 1822 1402 1872 aut
1427 1815 1638 1891 campis
1669 1813 1968 1892 superfusa
1987 1832 2134 1873 nunc
2158 1813 2323 1891 liqui·

223 1926 228 1931 ·
331 1896 398 1959 da
428 1916 496 1959 ac
529 1897 839 1958 deferentia
866 1897 1105 1958 lustrare
1125 1899 1361 1974 navigiis
1384 1897 1682 1975 nandoque
1704 1915 1994 1977 superare.
2032 1897 2159 1958 Nec
2181 1906 2399 1959 vei-020

330 1982 671 2042 laudaverim
702 1999 809 2060 per
848 2001 912 2041 se
949 1999 1156 2057 magno
1188 2000 1366 2060 opere
1401 1983 1654 2042 duritiam
1684 1985 1939 2060 corporis
1968 2000 2036 2042 ac
2075 1980 2325 2042 lacerto-

329 2084 478 2125 rum:
518 2065 621 2126 sed
664 2068 712 2126 si
740 2064 828 2124 his
855 2065 1095 2125 validior
1122 2074 1246 2125 toto
1279 2083 1524 2143 corpore
1542 2068 1765 2127 animus
1802 2067 2119 2149 imperitet,
2153 2084 2328 2143 quem

329 2168 441 2209 non
473 2150 733 2209 fortunae
759 2148 1105 2226 indulgentia
1131 2150 1377 2227 molliat,
1410 2168 1520 2209 non
1547 2152 1747 2228 copiae
1773 2148 2115 2228 principales
2138 2150 2211 2209 ad
2230 2169 2326 2210 se·

328 2235 561 2308 gnitiem
603 2233 909 2310 luxumque
949 2233 1352 2311 detorqueant,
1404 2243 1538 2294 tunc
1569 2251 1714 2311 eg0,
1772 2253 1876 2294 seu
1906 2235 2187 2294 montibus
2220 2251 2328 2293 seu

328 2318 465 2374 mari
498 2325 862 2393 exerceatur,
908 2326 966 2377 et
996 2318 1202 2377 laetum
1231 2336 1409 2396 opere
1441 2335 1649 2396 corpus
1684 2327 1743 2377 et
1772 2321 2087 2377 crescentia
2115 2318 2402 2378 labori-25

328 2399 437 2459 bus
478 2400 725 2459 membra
757 2401 1016 2460 mirabor.
1079 2398 1260 2461 Video
1293 2404 1439 2462 enim
1472 2404 1577 2462 iam
1604 2401 1731 2461 inde
1759 2403 2059 2479 antiquitus
2089 2403 2329 2461 maritos

329 2482 558 2543 dearum
595 2501 663 2543 ac
706 2482 941 2542 deorum
969 2484 1182 2544 liberos
1355 2504 1465 2545 nec
1495 2486 1764 2562 dignitate
1798 2488 2113 2564 nuptiarum
2140 2488 2329 2562 magis

329 2585 492 2646 quam
524 2567 610 2625 his
639 2567 848 2627 artibus
877 2567 1231 2629 inclaruisse.
1270 2569 1445 2629 Simul
1477 2572 1691 2648 cogito,
1725 2587 1852 2627 cum
1882 2570 1988 2629 sint
2018 2572 2126 2628 ista
2153 2567 2329 2629 ludus

328 2662 387 2712 et
416 2661 840 2711 avocamentum
876 2652 1073 2728 huius,
1255 2652 1387 2712 illae
1418 2656 1602 2713 seriae
1639 2664 1696 2714 et
1724 2656 2004 2728 intentae,
2050 2661 2110 2711 et
2139 2670 2170 2711 a
2201 2655 2331 2731 qui·

326 2736 433 2796 bus
463 2755 528 2795 se
558 2738 613 2794 in
637 2734 750 2796 tale
777 2737 948 2796 otium
976 2738 1195 2813 recipit.
1241 2736 1579 2814 Voluptates
1608 2747 1735 2797 sunt
1763 2738 1940 2813 enim,
1971 2737 2327 2815 voluptates,
2346 2747 2404 2800 30

329 2821 531 2897 quibus
558 2822 771 2897 optime
799 2819 871 2879 de
891 2822 1163 2898 cuiusque
1188 2822 1463 2897 gravitate
1491 2823 1786 2881 sanctitate
1811 2822 2183 2898 temperantia
2196 2839 2329 2880 cre·

329 2902 490 2962 ditur.
536 2902 675 2962 Nam
711 2905 836 2982 quis
868 2905 1012 2963 adeo
1044 2903 1354 2964 dissolutus
1387 2906 1543 2963 cuius
1568 2919 1688 2964 non
1720 2903 2192 2982 occupationibus
2224 2904 2330 2962 ali·

329 3002 439 3065 qua
468 2989 695 3064 species
728 2990 1044 3047 severitatis
1074 2984 1355 3047 insideat?
1383 2986 1512 3047 Otio
1538 2988 1841 3066 prodimur.
1884 2989 1975 3048 An
1998 3005 2112 3047 non
2146 2986 2329 3066 pleri-

217 3106 226 3117 »
329 3084 440 3144 que
470 3070 757 3149 principes
795 3070 905 3129 hoc
935 3070 1083 3130 idem
1117 3080 1340 3150 tempus
1381 3073 1437 3130 in
1467 3070 1647 3132 aleam
1674 3081 1870 3151 stupra
1899 3072 2091 3131 luxum
2124 3071 2333 3131 confe-

233 3176 240 3185 ·
328 3149 559 3227 rebant,
618 3171 744 3211 cum
796 3155 1065 3212 seriarum
1120 3153 1432 3214 laxamenta
1484 3173 1742 3216 curarum
1781 3158 2042 3215 vitiorum
2082 3163 2404 3217 conten-35
2446 3158 2447 3161 ’

225 3234 307 3297 83
331 3233 484 3292 tione
514 3234 888 3311 supplerent?
928 3236 1111 3297 Habet
1136 3237 1250 3297 hoc
1278 3241 1512 3317 primum
1533 3257 1731 3318 magna
1752 3238 1973 3300 fortuna
2002 3238 2155 3317 quod
2183 3238 2334 3298 nihil

329 3323 574 3388 tectum,
603 3316 738 3374 nihil
768 3319 1052 3378 occultum
1073 3339 1207 3381 esse
1229 3324 1468 3398 patitur:
1498 3325 1812 3401 principum
1838 3341 1978 3383 vero
2006 3340 2122 3382 non
2149 3322 2334 3383 modo

331 3395 529 3458 domos
564 3397 668 3459 sed
712 3399 969 3463 cubicula
995 3405 1120 3482 ipsa
1151 3405 1492 3486 intimosque
1531 3424 1802 3469 secessus
1832 3405 2076 3469 recludit
2109 3404 2335 3469 omnia·
