2467 3850
664 163 1182 226 EPISTULARUM
1210 163 1334 225 1111.
1375 173 1460 228 28.
1485 174 1571 229 29.
1592 174 1679 227 30.
2084 165 2168 234 87

179 336 315 380 cere
346 317 625 380 eiusmodi
652 316 973 395 exemplum
1001 335 1113 377 non
1134 317 1242 377 nisi
1268 318 1458 378 severi
1473 363 1491 394 ,
1521 318 1826 380 institutum
1850 315 2167 379 reductum·

176 422 247 464 ve
286 421 568 464 exercere
600 403 765 461 etiam
793 401 1067 463 lenissimi
1094 411 1354 481 possunt.
1413 399 1577 463 Vale.

134 661 165 711 5
634 634 686 685 C.
723 635 971 687 PLINIUS
1001 534 1245 686 ΙΑῙέξΙΞῙζΙΞξ
1275 635 1487 688 SURAE
1519 632 1640 685 SUO
1679 631 1733 685 S.

304 738 487 799 Attuli
516 739 619 800 tibi
650 758 726 799 ex
752 741 926 818 patria
952 758 1076 799 mea
1102 757 1208 818 pro
1236 736 1569 799 munusculo
1600 738 1986 817 quaestionem
2017 736 2170 798 altis·
2192 755 2222 805 1

175 825 321 886 sima
355 826 464 884 ista
498 823 811 882 eruditione
853 823 1245 899 dignissimam.
1311 823 1462 882 Fons
1496 823 1672 883 oritur
1710 824 1768 881 in
1795 831 2018 898 monte,
2071 836 2225 900 per2

180 925 317 968 saxa
358 907 639 983 decurrit,
680 909 962 985 excipitur
1002 907 1388 967 cenatiuncula
1421 926 1582 966 manu
1630 906 1805 966 facta:
1844 907 1922 966 ibi
1950 904 2176 985 paulum

181 1000 440 1051 retentus
469 993 523 1049 in
552 990 770 1050 Larium
794 990 976 1051 lacum
999 991 1227 1052 decidit.
1272 989 1447 1051 Huius
1474 993 1609 1049 mira
1636 1000 1856 1050 natura:
1885 999 1975 1049 ter
2001 992 2058 1049 in
2086 990 2174 1049 die

100 1076 346 1137 lostatis
376 1074 634 1135 auctibus
671 1093 739 1138 ac
781 1074 1230 1137 diminutionibus
1263 1077 1472 1136 crescit
1500 1074 1920 1152 decrescitque.
1982 1072 2228 1139 Cerni-3

181 1170 275 1220 tur
301 1158 362 1217 id
390 1157 572 1236 palam
602 1168 659 1218 et
691 1177 815 1217 cum
844 1177 1053 1220 summa
1080 1160 1371 1240 voluptate
1401 1158 1860 1236 deprehenditur.
1902 1157 2060 1218 quta
2087 1177 2177 1218 re-

185 1242 409 1304 cumbis
449 1251 507 1301 et
545 1245 803 1303 vesceris
847 1253 1015 1322 atque
1048 1245 1215 1304 etiam
1249 1263 1322 1303 ex
1363 1247 1491 1322 ipso
1532 1242 1688 1302 fonte
1718 1243 1873 1321 (nam
1901 1251 1991 1302 est
2022 1242 2178 1319 frigi-

185 1326 483 1403 dissimus)
526 1336 718 1405 potas:
754 1329 973 1387 interim
1013 1327 1111 1388 ille
1142 1330 1314 1389 certis
1346 1328 1728 1404 dimensisque
1756 1328 2051 1386 momentis
2083 1327 2176 1385 vel

186 1409 531 1470 subtrahitur
556 1410 651 1470 vel
681 1410 946 1488 adsurgit.
987 1412 1231 1471 Anulum
1261 1431 1365 1472 seu
1389 1412 1521 1489 quid
1550 1410 1699 1470 aliud
1722 1413 1886 1490 ponis
1916 1413 1970 1469 in
1990 1412 2171 1488 sicce,
2193 1421 2229 1473 4

101 1507 165 1559 15
186 1494 433 1554 adluitur
462 1496 671 1554 sensim
701 1512 769 1554 ac
798 1499 1104 1556 novissime
1136 1498 1420 1575 operitur,
1451 1495 1735 1573 detegitur
1762 1513 1954 1555 rursus
1987 1495 2177 1573 paula-

185 1581 399 1656 timque
432 1577 741 1647 deseritur:
775 1581 822 1638 si
855 1578 1058 1641 diutius
1090 1580 1389 1657 observes,
1427 1589 1722 1656 utrumque
1754 1581 1953 1638 iterum
1975 1597 2042 1638 ac
2067 1588 2179 1639 ter-

184 1665 267 1723 tio
297 1662 509 1721 videas,
554 1663 869 1741 Spiritusne
900 1662 1101 1742 aliquis
1126 1663 1408 1724 occultior
1429 1680 1493 1722 os
1517 1664 1687 1722 fontis
1711 1672 1768 1722 et
1792 1662 1988 1723 fauces
2011 1662 2178 1722 modo
2197 1673 2228 1724 5

186 1745 340 1805 laxat
368 1747 536 1806 modo
563 1746 826 1823 includit,
869 1757 1035 1825 prout
1061 1747 1264 1807 inlatus
1295 1748 1542 1806 occurrit
1581 1755 1674 1805 aut
1704 1746 1953 1806 decessit
1982 1745 2180 1825 expul-

187 1827 330 1889 sus?
375 1830 524 1908 quod
551 1833 609 1890 in
636 1831 895 1909 ampullis
930 1834 1253 1909 ceterisque
1279 1831 1506 1907 generis
1535 1828 1787 1890 eiusdem
1810 1829 2064 1889 videmus
2087 1839 2226 1891 ac·6

98 1914 417 1993 zocidere,
464 1916 665 1994 quibus
704 1934 817 1976 non
852 1916 1014 1977 hians
1057 1935 1165 1975 nec
1205 1916 1387 1976 statim
1415 1922 1614 1992 patens
1643 1915 1849 1973 exitus.
1911 1911 2050 1972 Nam
2082 1913 2180 1973 illa

187 2017 441 2077 quoque,
473 2018 803 2079 quamquam
830 2019 1006 2080 prona
1042 2010 1211 2077 atque
1241 2000 1556 2076 vergentia,
1586 2015 1692 2076 per
1723 1996 1987 2076 quasdam
2015 1997 2175 2056 oblu-

188 2085 392 2143 ctantis
438 2087 649 2144 animae
688 2103 873 2145 moras
917 2085 1133 2145 crebris
1187 2085 1345 2162 quasi
1390 2081 1725 2158 singultibus
1775 2084 1976 2143 sistunt
2029 2080 2181 2159 quod

186 2167 499 2227 effundunt.
563 2169 653 2227 An
683 2187 827 2247 quae
861 2186 1076 2230 oceano
1108 2177 1331 2244 natura,
1363 2165 1504 2226 fonti
1532 2184 1791 2244 quoque,
1829 2183 2049 2243 quaque
2080 2165 2177 2226 ille
2197 2174 2228 2228 7

185 2253 408 2311 ratione
443 2261 536 2311 aut
557 2251 846 2328 inpellitur
877 2262 969 2312 aut
996 2253 1345 2327 resorbetur,
1376 2251 1481 2311 hac
1504 2250 1762 2311 modicus
1792 2250 1884 2309 hic
1913 2268 2071 2310 umor
2098 2252 2180 2309 vi-

102 2340 172 2392 25
192 2335 357 2395 cibus
388 2334 619 2397 alternis
648 2339 1009 2416 supprimitur
1032 2336 1127 2396 vel
1157 2331 1452 2413 egeritur?
1496 2336 1584 2395 An
1616 2345 1676 2395 ut
1704 2334 1925 2394 flumina
1956 2353 2099 2412 quae
2128 2337 2232 2396 in8

189 2436 346 2478 mare
392 2419 719 2479 deferuntur
766 2421 1194 2482 adversantibus
1237 2422 1422 2480 ventis
1469 2420 1753 2498 obvioque
1798 2428 1956 2479 aestu
2000 2429 2182 2478 retor-

191 2512 469 2581 quentur,
511 2506 586 2563 ita
627 2515 716 2565 est
755 2504 964 2583 aliquid
1006 2505 1159 2584 quod
1181 2505 1349 2565 huius
1378 2504 1549 2564 fontis
1580 2522 1881 2566 excursum
1911 2521 2181 2582 repercu-

189 2583 336 2647 tiat?
386 2587 476 2646 An
522 2586 823 2649 latentibus
868 2593 1032 2650 venis
1071 2599 1227 2650 certa
1263 2606 1554 2664 mensura,
1607 2606 1750 2666 quae
1791 2588 1920 2647 dum
1964 2586 2232 2664 colligit9

193 2670 350 2749 quod
380 2671 738 2750 exhauserat,
769 2674 947 2733 minor
979 2676 1131 2734 rivus
1161 2683 1219 2733 et
1250 2675 1491 2749 pigrior,
1528 2689 1652 2730 cum
1693 2670 1948 2747 collegit,
1981 2671 2183 2747 agilior

15 2774 16 2783 ¹
103 2758 484 2835 30maiorque
514 2754 838 2835 profertur?
875 2759 964 2817 An
1005 2749 1202 2817 nescio
1245 2756 1396 2835 quod
1434 2755 1818 2815 libramentum
1847 2753 2091 2814 abditum
2122 2764 2180 2815 et
2199 2763 2266 2814 lo

196 2857 463 2916 caecum,
510 2840 660 2918 quod
694 2860 820 2900 cum
863 2843 1198 2901 exinanitum
1236 2851 1357 2915 est,
1399 2841 1633 2899 suscitat
1674 2848 1732 2898 et
1761 2836 1918 2903 elicit
1946 2837 2179 2915 fontem,

194 2942 325 2983 cum
376 2922 688 3005 repletum,
745 2935 992 2986 moratur
1045 2936 1103 2985 et
1156 2920 1505 3000 strangulat?
1559 2923 1826 2982 Scrutare
1874 2931 1933 2981 tu
1979 2940 2181 2983 causas
2199 2930 2262 2981 ll

195 3008 399 3086 (potes
433 3008 648 3086 enim),
693 3027 837 3087 quae
878 3019 1086 3071 tantum
1114 3007 1440 3068 miraculum
1475 3005 1752 3066 efficiunt:
1795 3006 1926 3067 mihi
1962 3006 2181 3068 abunde

195 3101 308 3169 est,
342 3094 389 3151 si
418 3093 553 3154 satis
589 3096 848 3171 expressi
878 3093 1030 3173 quod
1058 3093 1318 3152 efficitur.
1379 3089 1541 3150 Vale.

995 3318 1390 3329 ——--—--———--
