<?xml version="1.0" encoding="UTF-8"?>
<!DOCTYPE html PUBLIC "-//W3C//DTD XHTML 1.0 Transitional//EN"
    "http://www.w3.org/TR/xhtml1/DTD/xhtml1-transitional.dtd">
<html xmlns="http://www.w3.org/1999/xhtml" xml:lang="en" lang="en">
 <head>
  <title>
</title>
<meta http-equiv="Content-Type" content="text/html;charset=utf-8" />
  <meta name='ocr-system' content='tesseract 3.04.00' />
  <meta name='ocr-capabilities' content='ocr_page ocr_carea ocr_par ocr_line ocrx_word'/>
</head>
<body>
  <div class='ocr_page' id='page_1' title='image "./cplinicaecilise00unkngoog_0118.png"; bbox 0 0 2467 3850; ppageno 0'>
   <div class='ocr_carea' id='block_1_1' title="bbox 292 156 1431 223">
    <p class='ocr_par' dir='ltr' id='par_1_1' title="bbox 292 156 1431 223">
     <span class='ocr_line' id='line_1_1' title="bbox 292 156 1431 223; baseline -0.004 -2"><span class='ocrx_word' id='word_1_1' title='bbox 292 159 374 223; x_wconf 82' lang='lat'><strong>88</strong></span> <span class='ocrx_word' id='word_1_2' title='bbox 1127 157 1191 219; x_wconf 88' lang='lat' dir='ltr'><strong>C.</strong></span> <span class='ocrx_word' id='word_1_3' title='bbox 1239 156 1431 218; x_wconf 88' lang='lat' dir='ltr'>PLINI</span> 
     </span>
    </p>
   </div>
   <div class='ocr_carea' id='block_1_2' title="bbox 524 270 2038 666">
    <p class='ocr_par' dir='ltr' id='par_1_2' title="bbox 524 270 2038 666">
     <span class='ocr_line' id='line_1_2' title="bbox 724 270 1851 443; baseline -0.002 -1"><span class='ocrx_word' id='word_1_4' title='bbox 724 359 800 442; x_wconf 84' lang='lat' dir='ltr'><strong>C·</strong></span> <span class='ocrx_word' id='word_1_5' title='bbox 858 361 1078 441; x_wconf 83' lang='lat' dir='ltr'><strong>PLlNI</strong></span> <span class='ocrx_word' id='word_1_6' title='bbox 1137 360 1450 443; x_wconf 77' lang='lat' dir='ltr'><strong>CAECILI</strong></span> <span class='ocrx_word' id='word_1_7' title='bbox 1505 270 1851 442; x_wconf 78' lang='lat' dir='ltr'>SECUNDI</span> 
     </span>
     <span class='ocr_line' id='line_1_3' title="bbox 524 514 2038 666; baseline 0.002 -38"><span class='ocrx_word' id='word_1_8' title='bbox 524 514 2038 666; x_wconf 66' lang='lat' dir='ltr'><strong>Erlsrntinnu</strong></span> 
     </span>
    </p>
   </div>
   <div class='ocr_carea' id='block_1_3' title="bbox 1008 705 1562 774">
    <p class='ocr_par' dir='ltr' id='par_1_3' title="bbox 1008 705 1562 774">
     <span class='ocr_line' id='line_1_4' title="bbox 1008 705 1562 774; baseline -0.002 -13"><span class='ocrx_word' id='word_1_9' title='bbox 1008 706 1202 762; x_wconf 87' lang='lat' dir='ltr'><strong>LIBER</strong></span> <span class='ocrx_word' id='word_1_10' title='bbox 1243 705 1562 774; x_wconf 87' lang='lat' dir='ltr'><strong>QUINTUS.</strong></span> 
     </span>
    </p>
   </div>
   <div class='ocr_carea' id='block_1_4' title="bbox 727 868 1832 1022">
    <p class='ocr_par' dir='ltr' id='par_1_4' title="bbox 727 868 1832 1022">
     <span class='ocr_line' id='line_1_5' title="bbox 1263 868 1307 930; baseline 0.045 -2"><span class='ocrx_word' id='word_1_11' title='bbox 1263 868 1307 930; x_wconf 93' lang='lat'><strong>1.</strong></span> 
     </span>
     <span class='ocr_line' id='line_1_6' title="bbox 727 968 1832 1022; baseline 0.002 -2"><span class='ocrx_word' id='word_1_12' title='bbox 727 969 782 1021; x_wconf 86' lang='lat' dir='ltr'><strong>C.</strong></span> <span class='ocrx_word' id='word_1_13' title='bbox 815 968 1065 1021; x_wconf 87' lang='lat' dir='ltr'>PLINIUS</span> <span class='ocrx_word' id='word_1_14' title='bbox 1099 969 1296 1021; x_wconf 86' lang='lat' dir='ltr'>ANNIO</span> <span class='ocrx_word' id='word_1_15' title='bbox 1333 969 1587 1021; x_wconf 86' lang='lat' dir='ltr'><strong>SEVERO</strong></span> <span class='ocrx_word' id='word_1_16' title='bbox 1625 969 1746 1021; x_wconf 83' lang='lat' dir='ltr'><strong>SUO</strong></span> <span class='ocrx_word' id='word_1_17' title='bbox 1777 969 1832 1022; x_wconf 89' lang='lat' dir='ltr'><strong>S.</strong></span> 
     </span>
    </p>
   </div>
   <div class='ocr_carea' id='block_1_5' title="bbox 227 1071 2369 3509">
    <p class='ocr_par' dir='ltr' id='par_1_5' title="bbox 241 1071 2369 1404">
     <span class='ocr_line' id='line_1_7' title="bbox 241 1071 2369 1151; baseline 0 -20"><span class='ocrx_word' id='word_1_18' title='bbox 241 1092 265 1141; x_wconf 89' lang='lat'>1</span> <span class='ocrx_word' id='word_1_19' title='bbox 407 1072 677 1150; x_wconf 82' lang='lat' dir='ltr'><strong>Legatum</strong></span> <span class='ocrx_word' id='word_1_20' title='bbox 721 1071 853 1131; x_wconf 90' lang='lat' dir='ltr'><strong>mihi</strong></span> <span class='ocrx_word' id='word_1_21' title='bbox 892 1072 1124 1133; x_wconf 82' lang='lat' dir='ltr'><strong>obvenit</strong></span> <span class='ocrx_word' id='word_1_22' title='bbox 1164 1073 1445 1133; x_wconf 90' lang='lat' dir='ltr'><strong>modicum</strong></span> <span class='ocrx_word' id='word_1_23' title='bbox 1476 1073 1599 1133; x_wconf 79' lang='lat' dir='ltr'><strong>sed</strong></span> <span class='ocrx_word' id='word_1_24' title='bbox 1649 1071 1993 1151; x_wconf 87' lang='lat' dir='ltr'><strong>amplissimo</strong></span> <span class='ocrx_word' id='word_1_25' title='bbox 2045 1074 2369 1149; x_wconf 84' lang='lat' dir='ltr'><strong>gratius.1o</strong></span> 
     </span>
     <span class='ocr_line' id='line_1_8' title="bbox 291 1153 2286 1236; baseline -0.001 -20"><span class='ocrx_word' id='word_1_26' title='bbox 291 1154 406 1216; x_wconf 88' lang='lat' dir='ltr'><strong>Cur</strong></span> <span class='ocrx_word' id='word_1_27' title='bbox 426 1156 769 1236; x_wconf 86' lang='lat' dir='ltr'><strong>amplissimo</strong></span> <span class='ocrx_word' id='word_1_28' title='bbox 792 1153 1045 1233; x_wconf 80' lang='lat' dir='ltr'><strong>gratius?</strong></span> <span class='ocrx_word' id='word_1_29' title='bbox 1076 1156 1382 1235; x_wconf 86' lang='lat' dir='ltr'><strong>Pomponia</strong></span> <span class='ocrx_word' id='word_1_30' title='bbox 1417 1155 1577 1218; x_wconf 86' lang='lat' dir='ltr'><strong>Galla</strong></span> <span class='ocrx_word' id='word_1_31' title='bbox 1613 1155 1958 1216; x_wconf 87' lang='lat' dir='ltr'><strong>exheredato</strong></span> <span class='ocrx_word' id='word_1_32' title='bbox 1991 1155 2108 1216; x_wconf 83' lang='lat' dir='ltr'><strong>filio</strong></span> <span class='ocrx_word' id='word_1_33' title='bbox 2133 1156 2286 1217; x_wconf 90' lang='lat' dir='ltr'><strong>Asu-</strong></span> 
     </span>
     <span class='ocr_line' id='line_1_9' title="bbox 291 1239 2285 1319; baseline -0.001 -18"><span class='ocrx_word' id='word_1_34' title='bbox 291 1242 382 1301; x_wconf 88' lang='lat' dir='ltr'><strong>dio</strong></span> <span class='ocrx_word' id='word_1_35' title='bbox 414 1239 655 1301; x_wconf 90' lang='lat' dir='ltr'><strong>Curiano</strong></span> <span class='ocrx_word' id='word_1_36' title='bbox 683 1241 954 1300; x_wconf 82' lang='lat' dir='ltr'><strong>heredem</strong></span> <span class='ocrx_word' id='word_1_37' title='bbox 995 1240 1303 1319; x_wconf 82' lang='lat' dir='ltr'><strong>reliquerat</strong></span> <span class='ocrx_word' id='word_1_38' title='bbox 1342 1260 1465 1319; x_wconf 83' lang='lat' dir='ltr'><strong>me,</strong></span> <span class='ocrx_word' id='word_1_39' title='bbox 1510 1240 1741 1300; x_wconf 82' lang='lat' dir='ltr'><strong>dederat</strong></span> <span class='ocrx_word' id='word_1_40' title='bbox 1782 1239 2100 1301; x_wconf 85' lang='lat' dir='ltr'><strong>coheredes</strong></span> <span class='ocrx_word' id='word_1_41' title='bbox 2146 1241 2285 1301; x_wconf 91' lang='lat' dir='ltr'><strong>Ser-</strong></span> 
     </span>
     <span class='ocr_line' id='line_1_10' title="bbox 290 1324 2283 1404; baseline 0 -19"><span class='ocrx_word' id='word_1_42' title='bbox 290 1328 490 1385; x_wconf 85' lang='lat' dir='ltr'><strong>torium</strong></span> <span class='ocrx_word' id='word_1_43' title='bbox 519 1326 829 1401; x_wconf 84' lang='lat' dir='ltr'><strong>Severum,</strong></span> <span class='ocrx_word' id='word_1_44' title='bbox 856 1328 1196 1402; x_wconf 86' lang='lat' dir='ltr'><strong>praetorium</strong></span> <span class='ocrx_word' id='word_1_45' title='bbox 1223 1328 1437 1403; x_wconf 82' lang='lat' dir='ltr'><strong>virum,</strong></span> <span class='ocrx_word' id='word_1_46' title='bbox 1471 1325 1728 1404; x_wconf 89' lang='lat' dir='ltr'><strong>aliosque</strong></span> <span class='ocrx_word' id='word_1_47' title='bbox 1759 1324 2090 1403; x_wconf 88' lang='lat' dir='ltr'><strong>splendidos</strong></span> <span class='ocrx_word' id='word_1_48' title='bbox 2122 1328 2283 1403; x_wconf 37' lang='lat' dir='ltr'><strong>equi*-</strong></span> 
     </span>
    </p>

    <p class='ocr_par' dir='ltr' id='par_1_6' title="bbox 236 1407 2362 1572">
     <span class='ocr_line' id='line_1_11' title="bbox 236 1407 2283 1488; baseline -0.002 -17"><span class='ocrx_word' id='word_1_49' title='bbox 236 1426 268 1477; x_wconf 82' lang='lat'><strong>2</strong></span> <span class='ocrx_word' id='word_1_50' title='bbox 288 1421 377 1471; x_wconf 89' lang='lat' dir='ltr'><strong>tes</strong></span> <span class='ocrx_word' id='word_1_51' title='bbox 424 1410 730 1469; x_wconf 87' lang='lat' dir='ltr'><strong>Romanos.</strong></span> <span class='ocrx_word' id='word_1_52' title='bbox 805 1407 1077 1470; x_wconf 85' lang='lat' dir='ltr'><strong>Curianus</strong></span> <span class='ocrx_word' id='word_1_53' title='bbox 1131 1410 1324 1469; x_wconf 87' lang='lat' dir='ltr'><strong>orabat</strong></span> <span class='ocrx_word' id='word_1_54' title='bbox 1377 1420 1437 1469; x_wconf 90' lang='lat' dir='ltr'><strong>ut</strong></span> <span class='ocrx_word' id='word_1_55' title='bbox 1486 1410 1596 1470; x_wconf 89' lang='lat' dir='ltr'><strong>sibi</strong></span> <span class='ocrx_word' id='word_1_56' title='bbox 1647 1410 1910 1469; x_wconf 87' lang='lat' dir='ltr'><strong>donarem</strong></span> <span class='ocrx_word' id='word_1_57' title='bbox 1958 1411 2283 1488; x_wconf 88' lang='lat' dir='ltr'><strong>portionem</strong></span> 
     </span>
     <span class='ocr_line' id='line_1_12' title="bbox 289 1493 2362 1572; baseline 0 -19"><span class='ocrx_word' id='word_1_58' title='bbox 289 1512 470 1553; x_wconf 86' lang='lat' dir='ltr'><strong>meam</strong></span> <span class='ocrx_word' id='word_1_59' title='bbox 498 1513 677 1571; x_wconf 90' lang='lat' dir='ltr'><strong>seque</strong></span> <span class='ocrx_word' id='word_1_60' title='bbox 709 1493 1055 1572; x_wconf 89' lang='lat' dir='ltr'><strong>praeiudicio</strong></span> <span class='ocrx_word' id='word_1_61' title='bbox 1091 1496 1365 1562; x_wconf 85' lang='lat' dir='ltr'><strong>iuvarem;</strong></span> <span class='ocrx_word' id='word_1_62' title='bbox 1411 1493 1646 1554; x_wconf 87' lang='lat' dir='ltr'><strong>eandem</strong></span> <span class='ocrx_word' id='word_1_63' title='bbox 1692 1496 1858 1553; x_wconf 88' lang='lat' dir='ltr'><strong>tacita</strong></span> <span class='ocrx_word' id='word_1_64' title='bbox 1900 1496 2279 1554; x_wconf 86' lang='lat' dir='ltr'><strong>conventione</strong></span> <span class='ocrx_word' id='word_1_65' title='bbox 2299 1512 2362 1563; x_wconf 84' lang='lat'><strong>15</strong></span> 
     </span>
    </p>

    <p class='ocr_par' dir='ltr' id='par_1_7' title="bbox 238 1577 2366 1997">
     <span class='ocr_line' id='line_1_13' title="bbox 238 1577 2282 1657; baseline 0 -20"><span class='ocrx_word' id='word_1_66' title='bbox 238 1594 271 1645; x_wconf 82' lang='lat'>3</span> <span class='ocrx_word' id='word_1_67' title='bbox 291 1577 500 1639; x_wconf 85' lang='lat' dir='ltr'><strong>salvam</strong></span> <span class='ocrx_word' id='word_1_68' title='bbox 540 1578 671 1637; x_wconf 90' lang='lat' dir='ltr'><strong>mihi</strong></span> <span class='ocrx_word' id='word_1_69' title='bbox 710 1577 1106 1656; x_wconf 79' lang='lat' dir='ltr'><strong>pollicebatur.</strong></span> <span class='ocrx_word' id='word_1_70' title='bbox 1166 1577 1607 1657; x_wconf 86' lang='lat' dir='ltr'><strong>Respondebam</strong></span> <span class='ocrx_word' id='word_1_71' title='bbox 1633 1595 1745 1637; x_wconf 90' lang='lat' dir='ltr'><strong>non</strong></span> <span class='ocrx_word' id='word_1_72' title='bbox 1777 1580 2080 1637; x_wconf 85' lang='lat' dir='ltr'><strong>convenire</strong></span> <span class='ocrx_word' id='word_1_73' title='bbox 2112 1580 2282 1637; x_wconf 88' lang='lat' dir='ltr'><strong>mori-</strong></span> 
     </span>
     <span class='ocr_line' id='line_1_14' title="bbox 291 1661 2279 1741; baseline -0.001 -18"><span class='ocrx_word' id='word_1_74' title='bbox 291 1664 395 1723; x_wconf 89' lang='lat' dir='ltr'><strong>bus</strong></span> <span class='ocrx_word' id='word_1_75' title='bbox 425 1665 565 1723; x_wconf 91' lang='lat' dir='ltr'><strong>meis</strong></span> <span class='ocrx_word' id='word_1_76' title='bbox 596 1661 746 1722; x_wconf 88' lang='lat' dir='ltr'><strong>aliud</strong></span> <span class='ocrx_word' id='word_1_77' title='bbox 777 1661 956 1740; x_wconf 90' lang='lat' dir='ltr'><strong>palam</strong></span> <span class='ocrx_word' id='word_1_78' title='bbox 990 1662 1135 1722; x_wconf 90' lang='lat' dir='ltr'><strong>alind</strong></span> <span class='ocrx_word' id='word_1_79' title='bbox 1164 1681 1340 1740; x_wconf 85' lang='lat' dir='ltr'><strong>agere</strong></span> <span class='ocrx_word' id='word_1_80' title='bbox 1370 1672 1633 1738; x_wconf 78' lang='lat' dir='ltr'><strong>secret0‚</strong></span> <span class='ocrx_word' id='word_1_81' title='bbox 1665 1672 1961 1741; x_wconf 88' lang='lat' dir='ltr'><strong>praeterea</strong></span> <span class='ocrx_word' id='word_1_82' title='bbox 1995 1678 2106 1720; x_wconf 91' lang='lat' dir='ltr'><strong>non</strong></span> <span class='ocrx_word' id='word_1_83' title='bbox 2142 1682 2279 1722; x_wconf 90' lang='lat' dir='ltr'><strong>esse</strong></span> 
     </span>
     <span class='ocr_line' id='line_1_15' title="bbox 288 1747 2280 1825; baseline -0.001 -18"><span class='ocrx_word' id='word_1_84' title='bbox 288 1750 424 1807; x_wconf 92' lang='lat' dir='ltr'><strong>satis</strong></span> <span class='ocrx_word' id='word_1_85' title='bbox 452 1747 750 1807; x_wconf 87' lang='lat' dir='ltr'><strong>honestum</strong></span> <span class='ocrx_word' id='word_1_86' title='bbox 793 1747 1001 1807; x_wconf 89' lang='lat' dir='ltr'><strong>donare</strong></span> <span class='ocrx_word' id='word_1_87' title='bbox 1044 1756 1101 1807; x_wconf 92' lang='lat' dir='ltr'><strong>et</strong></span> <span class='ocrx_word' id='word_1_88' title='bbox 1142 1747 1419 1825; x_wconf 85' lang='lat' dir='ltr'><strong>locupleti</strong></span> <span class='ocrx_word' id='word_1_89' title='bbox 1463 1757 1521 1807; x_wconf 92' lang='lat' dir='ltr'><strong>et</strong></span> <span class='ocrx_word' id='word_1_90' title='bbox 1564 1748 1737 1823; x_wconf 76' lang='lat' dir='ltr'><strong>orbe,</strong></span> <span class='ocrx_word' id='word_1_91' title='bbox 1779 1749 1835 1805; x_wconf 92' lang='lat' dir='ltr'><strong>in</strong></span> <span class='ocrx_word' id='word_1_92' title='bbox 1877 1764 2121 1823; x_wconf 84' lang='lat' dir='ltr'><strong>summa,</strong></span> <span class='ocrx_word' id='word_1_93' title='bbox 2164 1765 2280 1806; x_wconf 90' lang='lat' dir='ltr'><strong>non</strong></span> 
     </span>
     <span class='ocr_line' id='line_1_16' title="bbox 286 1831 2279 1910; baseline 0.001 -21"><span class='ocrx_word' id='word_1_94' title='bbox 286 1831 637 1910; x_wconf 89' lang='lat' dir='ltr'><strong>profuturum</strong></span> <span class='ocrx_word' id='word_1_95' title='bbox 668 1834 756 1908; x_wconf 82' lang='lat' dir='ltr'><strong>ei,</strong></span> <span class='ocrx_word' id='word_1_96' title='bbox 798 1834 846 1891; x_wconf 90' lang='lat' dir='ltr'><strong>si</strong></span> <span class='ocrx_word' id='word_1_97' title='bbox 890 1832 1221 1909; x_wconf 84' lang='lat' dir='ltr'><strong>donassem,</strong></span> <span class='ocrx_word' id='word_1_98' title='bbox 1265 1831 1647 1910; x_wconf 80' lang='lat' dir='ltr'><strong>profuturum,</strong></span> <span class='ocrx_word' id='word_1_99' title='bbox 1682 1832 1730 1891; x_wconf 91' lang='lat' dir='ltr'><strong>si</strong></span> <span class='ocrx_word' id='word_1_100' title='bbox 1766 1832 2107 1907; x_wconf 86' lang='lat' dir='ltr'><strong>cessissem,</strong></span> <span class='ocrx_word' id='word_1_101' title='bbox 2141 1850 2279 1891; x_wconf 88' lang='lat' dir='ltr'><strong>esse</strong></span> 
     </span>
     <span class='ocr_line' id='line_1_17' title="bbox 286 1914 2366 1997; baseline 0.001 -21"><span class='ocrx_word' id='word_1_102' title='bbox 286 1927 472 1976; x_wconf 88' lang='lat' dir='ltr'><strong>autem</strong></span> <span class='ocrx_word' id='word_1_103' title='bbox 500 1935 591 1976; x_wconf 89' lang='lat' dir='ltr'><strong>me</strong></span> <span class='ocrx_word' id='word_1_104' title='bbox 622 1927 873 1997; x_wconf 88' lang='lat' dir='ltr'><strong>paratum</strong></span> <span class='ocrx_word' id='word_1_105' title='bbox 907 1916 1113 1977; x_wconf 89' lang='lat' dir='ltr'><strong>cedere</strong></span> <span class='ocrx_word' id='word_1_106' title='bbox 1132 1964 1150 1995; x_wconf 84' lang='lat'>,</span> <span class='ocrx_word' id='word_1_107' title='bbox 1195 1919 1245 1977; x_wconf 91' lang='lat' dir='ltr'><strong>si</strong></span> <span class='ocrx_word' id='word_1_108' title='bbox 1284 1918 1473 1995; x_wconf 89' lang='lat' dir='ltr'><strong>inique</strong></span> <span class='ocrx_word' id='word_1_109' title='bbox 1503 1914 1903 1976; x_wconf 87' lang='lat' dir='ltr'><strong>exheredatum</strong></span> <span class='ocrx_word' id='word_1_110' title='bbox 1931 1914 2061 1974; x_wconf 92' lang='lat' dir='ltr'><strong>mihi</strong></span> <span class='ocrx_word' id='word_1_111' title='bbox 2093 1914 2366 1994; x_wconf 80' lang='lat' dir='ltr'><strong>lique-20</strong></span> 
     </span>
    </p>

    <p class='ocr_par' dir='ltr' id='par_1_8' title="bbox 234 1999 2280 2331">
     <span class='ocr_line' id='line_1_18' title="bbox 234 1999 2277 2078; baseline -0.002 -14"><span class='ocrx_word' id='word_1_112' title='bbox 234 2011 390 2064; x_wconf 82' lang='lat' dir='ltr'><strong>4ret.</strong></span> <span class='ocrx_word' id='word_1_113' title='bbox 436 2001 526 2062; x_wconf 90' lang='lat' dir='ltr'><strong>Ad</strong></span> <span class='ocrx_word' id='word_1_114' title='bbox 556 2001 668 2061; x_wconf 90' lang='lat' dir='ltr'><strong>hoc</strong></span> <span class='ocrx_word' id='word_1_115' title='bbox 697 2001 796 2061; x_wconf 93' lang='lat' dir='ltr'><strong>ille</strong></span> <span class='ocrx_word' id='word_1_116' title='bbox 830 2007 1001 2078; x_wconf 70' lang='lat' dir='ltr'><strong>trogo</strong></span> <span class='ocrx_word' id='word_1_117' title='bbox 1032 2008 1397 2078; x_wconf 87' lang='lat' dir='ltr'><strong>cognoscas.&#39;</strong></span> <span class='ocrx_word' id='word_1_118' title='bbox 1446 1999 1752 2061; x_wconf 84' lang='lat' dir='ltr'><strong>Cunctatus</strong></span> <span class='ocrx_word' id='word_1_119' title='bbox 1775 1999 2001 2078; x_wconf 88' lang='lat' dir='ltr'><strong>paulum</strong></span> <span class='ocrx_word' id='word_1_120' title='bbox 2023 1999 2277 2060; x_wconf 70' lang='lat' dir='ltr'><strong>tfaciam&#39;</strong></span> 
     </span>
     <span class='ocr_line' id='line_1_19' title="bbox 285 2085 2280 2164; baseline -0.001 -19"><span class='ocrx_word' id='word_1_121' title='bbox 285 2089 537 2164; x_wconf 89' lang='lat' dir='ltr'><strong>inquam:</strong></span> <span class='ocrx_word' id='word_1_122' title='bbox 570 2091 781 2162; x_wconf 73' lang='lat' dir='ltr'><strong>‘neque</strong></span> <span class='ocrx_word' id='word_1_123' title='bbox 816 2088 963 2145; x_wconf 88' lang='lat' dir='ltr'><strong>enim</strong></span> <span class='ocrx_word' id='word_1_124' title='bbox 989 2085 1158 2145; x_wconf 86' lang='lat' dir='ltr'><strong>video</strong></span> <span class='ocrx_word' id='word_1_125' title='bbox 1189 2104 1291 2145; x_wconf 89' lang='lat' dir='ltr'><strong>cur</strong></span> <span class='ocrx_word' id='word_1_126' title='bbox 1317 2088 1442 2164; x_wconf 90' lang='lat' dir='ltr'><strong>ipse</strong></span> <span class='ocrx_word' id='word_1_127' title='bbox 1471 2105 1562 2145; x_wconf 92' lang='lat' dir='ltr'><strong>me</strong></span> <span class='ocrx_word' id='word_1_128' title='bbox 1590 2087 1860 2144; x_wconf 87' lang='lat' dir='ltr'><strong>minorem</strong></span> <span class='ocrx_word' id='word_1_129' title='bbox 1886 2095 2080 2163; x_wconf 86' lang='lat' dir='ltr'><strong>putem</strong></span> <span class='ocrx_word' id='word_1_130' title='bbox 2111 2102 2280 2162; x_wconf 90' lang='lat' dir='ltr'><strong>quam</strong></span> 
     </span>
     <span class='ocr_line' id='line_1_20' title="bbox 286 2167 2278 2230; baseline -0.001 -1"><span class='ocrx_word' id='word_1_131' title='bbox 286 2172 386 2229; x_wconf 91' lang='lat' dir='ltr'><strong>tibi</strong></span> <span class='ocrx_word' id='word_1_132' title='bbox 414 2168 631 2228; x_wconf 87' lang='lat' dir='ltr'><strong>videor.</strong></span> <span class='ocrx_word' id='word_1_133' title='bbox 693 2167 808 2227; x_wconf 91' lang='lat' dir='ltr'><strong>Sed</strong></span> <span class='ocrx_word' id='word_1_134' title='bbox 848 2171 955 2228; x_wconf 88' lang='lat' dir='ltr'><strong>iam</strong></span> <span class='ocrx_word' id='word_1_135' title='bbox 994 2188 1143 2228; x_wconf 89' lang='lat' dir='ltr'><strong>nunc</strong></span> <span class='ocrx_word' id='word_1_136' title='bbox 1184 2180 1465 2230; x_wconf 91' lang='lat' dir='ltr'><strong>memento</strong></span> <span class='ocrx_word' id='word_1_137' title='bbox 1496 2187 1608 2229; x_wconf 89' lang='lat' dir='ltr'><strong>non</strong></span> <span class='ocrx_word' id='word_1_138' title='bbox 1637 2169 1949 2229; x_wconf 81' lang='lat' dir='ltr'><strong>defuturam</strong></span> <span class='ocrx_word' id='word_1_139' title='bbox 1977 2168 2109 2227; x_wconf 91' lang='lat' dir='ltr'><strong>mihi</strong></span> <span class='ocrx_word' id='word_1_140' title='bbox 2140 2188 2278 2228; x_wconf 91' lang='lat' dir='ltr'><strong>con·</strong></span> 
     </span>
     <span class='ocr_line' id='line_1_21' title="bbox 287 2252 2278 2331; baseline -0.001 -18"><span class='ocrx_word' id='word_1_141' title='bbox 287 2255 576 2329; x_wconf 83' lang='lat' dir='ltr'><strong>stantiam,</strong></span> <span class='ocrx_word' id='word_1_142' title='bbox 609 2253 658 2311; x_wconf 90' lang='lat' dir='ltr'><strong>si</strong></span> <span class='ocrx_word' id='word_1_143' title='bbox 685 2253 759 2310; x_wconf 90' lang='lat' dir='ltr'><strong>ita</strong></span> <span class='ocrx_word' id='word_1_144' title='bbox 792 2252 933 2312; x_wconf 85' lang='lat' dir='ltr'><strong>fides</strong></span> <span class='ocrx_word' id='word_1_145' title='bbox 963 2252 1214 2329; x_wconf 81' lang='lat' dir='ltr'><strong>duxerit,</strong></span> <span class='ocrx_word' id='word_1_146' title='bbox 1257 2255 1566 2315; x_wconf 89' lang='lat' dir='ltr'><strong>secundum</strong></span> <span class='ocrx_word' id='word_1_147' title='bbox 1594 2263 1825 2314; x_wconf 87' lang='lat' dir='ltr'><strong>matrem</strong></span> <span class='ocrx_word' id='word_1_148' title='bbox 1855 2262 2001 2312; x_wconf 88' lang='lat' dir='ltr'><strong>tuam</strong></span> <span class='ocrx_word' id='word_1_149' title='bbox 2029 2271 2278 2331; x_wconf 90' lang='lat' dir='ltr'><strong>pronun-</strong></span> 
     </span>
    </p>

    <p class='ocr_par' dir='ltr' id='par_1_9' title="bbox 236 2334 2366 2579">
     <span class='ocr_line' id='line_1_22' title="bbox 236 2334 2366 2416; baseline 0.002 -19"><span class='ocrx_word' id='word_1_150' title='bbox 236 2349 266 2397; x_wconf 80' lang='lat'>5</span> <span class='ocrx_word' id='word_1_151' title='bbox 285 2335 498 2396; x_wconf 84' lang='lat' dir='ltr'><strong>tiandi.’</strong></span> <span class='ocrx_word' id='word_1_152' title='bbox 556 2334 656 2394; x_wconf 68' lang='lat' dir='ltr'><strong>‘Ut</strong></span> <span class='ocrx_word' id='word_1_153' title='bbox 686 2336 877 2396; x_wconf 83' lang='lat' dir='ltr'><strong>voles&#39;</strong></span> <span class='ocrx_word' id='word_1_154' title='bbox 910 2338 1010 2396; x_wconf 91' lang='lat' dir='ltr'><strong>ait:</strong></span> <span class='ocrx_word' id='word_1_155' title='bbox 1041 2335 1229 2396; x_wconf 76' lang='lat' dir='ltr'><strong>‘voles</strong></span> <span class='ocrx_word' id='word_1_156' title='bbox 1261 2340 1407 2397; x_wconf 89' lang='lat' dir='ltr'><strong>enim</strong></span> <span class='ocrx_word' id='word_1_157' title='bbox 1440 2338 1590 2416; x_wconf 89' lang='lat' dir='ltr'><strong>quod</strong></span> <span class='ocrx_word' id='word_1_158' title='bbox 1612 2340 2052 2416; x_wconf 65' lang='lat' dir='ltr'><strong>aequissimum?</strong></span> <span class='ocrx_word' id='word_1_159' title='bbox 2098 2338 2275 2397; x_wconf 89' lang='lat' dir='ltr'><strong>Adhi·</strong></span> <span class='ocrx_word' id='word_1_160' title='bbox 2295 2348 2366 2402; x_wconf 81' lang='lat'><strong>25</strong></span> 
     </span>
     <span class='ocr_line' id='line_1_23' title="bbox 286 2419 2276 2501; baseline 0.001 -21"><span class='ocrx_word' id='word_1_161' title='bbox 286 2421 380 2480; x_wconf 92' lang='lat' dir='ltr'><strong>bui</strong></span> <span class='ocrx_word' id='word_1_162' title='bbox 409 2421 465 2477; x_wconf 88' lang='lat' dir='ltr'><strong>in</strong></span> <span class='ocrx_word' id='word_1_163' title='bbox 502 2419 797 2478; x_wconf 88' lang='lat' dir='ltr'><strong>consilium</strong></span> <span class='ocrx_word' id='word_1_164' title='bbox 837 2420 979 2481; x_wconf 92' lang='lat' dir='ltr'><strong>duos</strong></span> <span class='ocrx_word' id='word_1_165' title='bbox 1019 2437 1163 2498; x_wconf 87' lang='lat' dir='ltr'><strong>quos</strong></span> <span class='ocrx_word' id='word_1_166' title='bbox 1204 2430 1338 2481; x_wconf 91' lang='lat' dir='ltr'><strong>tunc</strong></span> <span class='ocrx_word' id='word_1_167' title='bbox 1376 2425 1570 2483; x_wconf 89' lang='lat' dir='ltr'><strong>civitas</strong></span> <span class='ocrx_word' id='word_1_168' title='bbox 1604 2433 1796 2483; x_wconf 86' lang='lat' dir='ltr'><strong>nostra</strong></span> <span class='ocrx_word' id='word_1_169' title='bbox 1824 2425 2276 2501; x_wconf 88' lang='lat' dir='ltr'><strong>spectatissimos</strong></span> 
     </span>
     <span class='ocr_line' id='line_1_24' title="bbox 282 2500 2275 2579; baseline 0.002 -17"><span class='ocrx_word' id='word_1_170' title='bbox 282 2504 503 2579; x_wconf 81' lang='lat' dir='ltr'><strong>habuit,</strong></span> <span class='ocrx_word' id='word_1_171' title='bbox 547 2500 856 2562; x_wconf 89' lang='lat' dir='ltr'><strong>Corellium</strong></span> <span class='ocrx_word' id='word_1_172' title='bbox 895 2513 953 2564; x_wconf 92' lang='lat' dir='ltr'><strong>et</strong></span> <span class='ocrx_word' id='word_1_173' title='bbox 992 2503 1333 2564; x_wconf 82' lang='lat' dir='ltr'><strong>Frontinum.</strong></span> <span class='ocrx_word' id='word_1_174' title='bbox 1390 2506 1488 2567; x_wconf 90' lang='lat' dir='ltr'><strong>His</strong></span> <span class='ocrx_word' id='word_1_175' title='bbox 1522 2507 1892 2566; x_wconf 87' lang='lat' dir='ltr'><strong>circumdatus</strong></span> <span class='ocrx_word' id='word_1_176' title='bbox 1921 2508 1977 2564; x_wconf 90' lang='lat' dir='ltr'><strong>in</strong></span> <span class='ocrx_word' id='word_1_177' title='bbox 2008 2507 2275 2567; x_wconf 90' lang='lat' dir='ltr'><strong>cubiculo</strong></span> 
     </span>
    </p>

    <p class='ocr_par' dir='ltr' id='par_1_10' title="bbox 233 2585 2364 3007">
     <span class='ocr_line' id='line_1_25' title="bbox 233 2585 2272 2669; baseline 0 -20"><span class='ocrx_word' id='word_1_178' title='bbox 233 2597 412 2649; x_wconf 87' lang='lat' dir='ltr'><strong>6meo</strong></span> <span class='ocrx_word' id='word_1_179' title='bbox 442 2588 585 2648; x_wconf 90' lang='lat' dir='ltr'><strong>sedi.</strong></span> <span class='ocrx_word' id='word_1_180' title='bbox 625 2586 780 2648; x_wconf 83' lang='lat' dir='ltr'><strong>Dixit</strong></span> <span class='ocrx_word' id='word_1_181' title='bbox 810 2585 1081 2649; x_wconf 84' lang='lat' dir='ltr'><strong>Curianus</strong></span> <span class='ocrx_word' id='word_1_182' title='bbox 1115 2607 1257 2668; x_wconf 90' lang='lat' dir='ltr'><strong>quae</strong></span> <span class='ocrx_word' id='word_1_183' title='bbox 1291 2608 1396 2668; x_wconf 90' lang='lat' dir='ltr'><strong>pro</strong></span> <span class='ocrx_word' id='word_1_184' title='bbox 1428 2611 1493 2651; x_wconf 90' lang='lat' dir='ltr'><strong>se</strong></span> <span class='ocrx_word' id='word_1_185' title='bbox 1523 2592 1770 2669; x_wconf 88' lang='lat' dir='ltr'><strong>putabat.</strong></span> <span class='ocrx_word' id='word_1_186' title='bbox 1814 2590 2107 2668; x_wconf 86' lang='lat' dir='ltr'><strong>Respondi</strong></span> <span class='ocrx_word' id='word_1_187' title='bbox 2137 2610 2272 2669; x_wconf 92' lang='lat' dir='ltr'><strong>pau-</strong></span> 
     </span>
     <span class='ocr_line' id='line_1_26' title="bbox 286 2673 2275 2755; baseline 0.003 -24"><span class='ocrx_word' id='word_1_188' title='bbox 286 2673 367 2733; x_wconf 88' lang='lat' dir='ltr'><strong>cis</strong></span> <span class='ocrx_word' id='word_1_189' title='bbox 398 2690 538 2750; x_wconf 83' lang='lat' dir='ltr'><strong>ego;</strong></span> <span class='ocrx_word' id='word_1_190' title='bbox 566 2691 754 2752; x_wconf 88' lang='lat' dir='ltr'><strong>neque</strong></span> <span class='ocrx_word' id='word_1_191' title='bbox 785 2675 931 2733; x_wconf 88' lang='lat' dir='ltr'><strong>enim</strong></span> <span class='ocrx_word' id='word_1_192' title='bbox 960 2674 1150 2734; x_wconf 88' lang='lat' dir='ltr'><strong>aderat</strong></span> <span class='ocrx_word' id='word_1_193' title='bbox 1177 2674 1316 2736; x_wconf 91' lang='lat' dir='ltr'><strong>alius</strong></span> <span class='ocrx_word' id='word_1_194' title='bbox 1350 2677 1444 2755; x_wconf 89' lang='lat' dir='ltr'><strong>qui</strong></span> <span class='ocrx_word' id='word_1_195' title='bbox 1468 2675 1765 2735; x_wconf 84' lang='lat' dir='ltr'><strong>defunctae</strong></span> <span class='ocrx_word' id='word_1_196' title='bbox 1788 2674 2061 2753; x_wconf 92' lang='lat' dir='ltr'><strong>pudorem</strong></span> <span class='ocrx_word' id='word_1_197' title='bbox 2083 2685 2275 2736; x_wconf 90' lang='lat' dir='ltr'><strong>tuere·</strong></span> 
     </span>
     <span class='ocr_line' id='line_1_27' title="bbox 283 2757 2364 2838; baseline 0 -22"><span class='ocrx_word' id='word_1_198' title='bbox 283 2766 399 2816; x_wconf 90' lang='lat' dir='ltr'><strong>tur:</strong></span> <span class='ocrx_word' id='word_1_199' title='bbox 452 2757 653 2818; x_wconf 88' lang='lat' dir='ltr'><strong>deinde</strong></span> <span class='ocrx_word' id='word_1_200' title='bbox 697 2760 918 2819; x_wconf 87' lang='lat' dir='ltr'><strong>secessi</strong></span> <span class='ocrx_word' id='word_1_201' title='bbox 955 2768 1013 2818; x_wconf 88' lang='lat' dir='ltr'><strong>et</strong></span> <span class='ocrx_word' id='word_1_202' title='bbox 1055 2777 1129 2817; x_wconf 85' lang='lat' dir='ltr'><strong>ex</strong></span> <span class='ocrx_word' id='word_1_203' title='bbox 1170 2759 1392 2820; x_wconf 89' lang='lat' dir='ltr'><strong>consilii</strong></span> <span class='ocrx_word' id='word_1_204' title='bbox 1410 2758 1698 2819; x_wconf 51' lang='lat' dir='ltr'><strong>*sententia</strong></span> <span class='ocrx_word' id='word_1_205' title='bbox 1727 2758 1992 2819; x_wconf 69' lang='lat' dir='ltr'><strong>‘videtur&#39;</strong></span> <span class='ocrx_word' id='word_1_206' title='bbox 2024 2762 2270 2838; x_wconf 76' lang='lat' dir='ltr'><strong>inquam,</strong></span> <span class='ocrx_word' id='word_1_207' title='bbox 2289 2775 2364 2830; x_wconf 86' lang='lat'><strong>30</strong></span> 
     </span>
     <span class='ocr_line' id='line_1_28' title="bbox 284 2839 2269 2920; baseline 0.002 -21"><span class='ocrx_word' id='word_1_208' title='bbox 284 2839 585 2920; x_wconf 74' lang='lat' dir='ltr'><strong>‘Curiane‚</strong></span> <span class='ocrx_word' id='word_1_209' title='bbox 637 2853 815 2903; x_wconf 86' lang='lat' dir='ltr'><strong>mater</strong></span> <span class='ocrx_word' id='word_1_210' title='bbox 862 2853 956 2902; x_wconf 90' lang='lat' dir='ltr'><strong>tua</strong></span> <span class='ocrx_word' id='word_1_211' title='bbox 1007 2845 1181 2903; x_wconf 91' lang='lat' dir='ltr'><strong>iustas</strong></span> <span class='ocrx_word' id='word_1_212' title='bbox 1233 2843 1498 2905; x_wconf 84' lang='lat' dir='ltr'><strong>habuisse</strong></span> <span class='ocrx_word' id='word_1_213' title='bbox 1541 2861 1737 2904; x_wconf 87' lang='lat' dir='ltr'><strong>causas</strong></span> <span class='ocrx_word' id='word_1_214' title='bbox 1786 2844 2067 2904; x_wconf 88' lang='lat' dir='ltr'><strong>irascendi</strong></span> <span class='ocrx_word' id='word_1_215' title='bbox 2121 2845 2269 2904; x_wconf 63' lang='lat' dir='ltr'><strong>tibi?</strong></span> 
     </span>
     <span class='ocr_line' id='line_1_29' title="bbox 284 2924 2269 3007; baseline 0.002 -23"><span class='ocrx_word' id='word_1_216' title='bbox 284 2924 420 2984; x_wconf 88' lang='lat' dir='ltr'><strong>Post</strong></span> <span class='ocrx_word' id='word_1_217' title='bbox 460 2924 572 2986; x_wconf 93' lang='lat' dir='ltr'><strong>hoc</strong></span> <span class='ocrx_word' id='word_1_218' title='bbox 612 2926 709 2986; x_wconf 91' lang='lat' dir='ltr'><strong>ille</strong></span> <span class='ocrx_word' id='word_1_219' title='bbox 754 2945 879 2986; x_wconf 91' lang='lat' dir='ltr'><strong>cum</strong></span> <span class='ocrx_word' id='word_1_220' title='bbox 911 2930 1118 2988; x_wconf 89' lang='lat' dir='ltr'><strong>ceteris</strong></span> <span class='ocrx_word' id='word_1_221' title='bbox 1159 2928 1496 3007; x_wconf 88' lang='lat' dir='ltr'><strong>subscripsit</strong></span> <span class='ocrx_word' id='word_1_222' title='bbox 1538 2927 1939 2988; x_wconf 88' lang='lat' dir='ltr'><strong>centumvirale</strong></span> <span class='ocrx_word' id='word_1_223' title='bbox 1981 2929 2269 3006; x_wconf 87' lang='lat' dir='ltr'><strong>iudicium,</strong></span> 
     </span>
    </p>

    <p class='ocr_par' dir='ltr' id='par_1_11' title="bbox 230 3008 2362 3258">
     <span class='ocr_line' id='line_1_30' title="bbox 230 3008 2277 3090; baseline 0 -18"><span class='ocrx_word' id='word_1_224' title='bbox 230 3018 261 3072; x_wconf 86' lang='lat'><strong>7</strong></span> <span class='ocrx_word' id='word_1_225' title='bbox 281 3026 391 3068; x_wconf 89' lang='lat' dir='ltr'><strong>non</strong></span> <span class='ocrx_word' id='word_1_226' title='bbox 423 3008 759 3087; x_wconf 85' lang='lat' dir='ltr'><strong>subscripsit</strong></span> <span class='ocrx_word' id='word_1_227' title='bbox 785 3030 1026 3073; x_wconf 87' lang='lat' dir='ltr'><strong>mecum.</strong></span> <span class='ocrx_word' id='word_1_228' title='bbox 1072 3011 1395 3090; x_wconf 89' lang='lat' dir='ltr'><strong>Adpetebat</strong></span> <span class='ocrx_word' id='word_1_229' title='bbox 1417 3012 1606 3072; x_wconf 90' lang='lat' dir='ltr'><strong>iudicii</strong></span> <span class='ocrx_word' id='word_1_230' title='bbox 1636 3012 1786 3073; x_wconf 87' lang='lat' dir='ltr'><strong>dies:</strong></span> <span class='ocrx_word' id='word_1_231' title='bbox 1818 3011 2138 3072; x_wconf 89' lang='lat' dir='ltr'><strong>coheredes</strong></span> <span class='ocrx_word' id='word_1_232' title='bbox 2159 3016 2277 3072; x_wconf 88' lang='lat' dir='ltr'><strong>mei-</strong></span> 
     </span>
     <span class='ocr_line' id='line_1_31' title="bbox 285 3096 2274 3174; baseline 0.003 -22"><span class='ocrx_word' id='word_1_233' title='bbox 285 3109 610 3171; x_wconf 87' lang='lat' dir='ltr'><strong>conponere</strong></span> <span class='ocrx_word' id='word_1_234' title='bbox 645 3106 703 3155; x_wconf 88' lang='lat' dir='ltr'><strong>et</strong></span> <span class='ocrx_word' id='word_1_235' title='bbox 730 3099 1044 3173; x_wconf 82' lang='lat' dir='ltr'><strong>transigere</strong></span> <span class='ocrx_word' id='word_1_236' title='bbox 1076 3097 1409 3174; x_wconf 78' lang='lat' dir='ltr'><strong>cupiebant,</strong></span> <span class='ocrx_word' id='word_1_237' title='bbox 1441 3114 1552 3155; x_wconf 92' lang='lat' dir='ltr'><strong>non</strong></span> <span class='ocrx_word' id='word_1_238' title='bbox 1585 3096 1890 3156; x_wconf 88' lang='lat' dir='ltr'><strong>diffidentia</strong></span> <span class='ocrx_word' id='word_1_239' title='bbox 1931 3114 2136 3157; x_wconf 86' lang='lat' dir='ltr'><strong>causae</strong></span> <span class='ocrx_word' id='word_1_240' title='bbox 2167 3097 2274 3158; x_wconf 90' lang='lat' dir='ltr'><strong>sed</strong></span> 
     </span>
     <span class='ocr_line' id='line_1_32' title="bbox 280 3179 2362 3258; baseline 0.005 -23"><span class='ocrx_word' id='word_1_241' title='bbox 280 3187 432 3237; x_wconf 91' lang='lat' dir='ltr'><strong>metu</strong></span> <span class='ocrx_word' id='word_1_242' title='bbox 474 3185 807 3256; x_wconf 86' lang='lat' dir='ltr'><strong>temporum.</strong></span> <span class='ocrx_word' id='word_1_243' title='bbox 865 3180 1219 3240; x_wconf 87' lang='lat' dir='ltr'><strong>Verebantur</strong></span> <span class='ocrx_word' id='word_1_244' title='bbox 1249 3180 1403 3258; x_wconf 89' lang='lat' dir='ltr'><strong>quod</strong></span> <span class='ocrx_word' id='word_1_245' title='bbox 1439 3180 1704 3242; x_wconf 84' lang='lat' dir='ltr'><strong>videbant</strong></span> <span class='ocrx_word' id='word_1_246' title='bbox 1737 3179 1923 3241; x_wconf 88' lang='lat' dir='ltr'><strong>multis</strong></span> <span class='ocrx_word' id='word_1_247' title='bbox 1963 3181 2270 3258; x_wconf 81' lang='lat' dir='ltr'><strong>accidisse,</strong></span> <span class='ocrx_word' id='word_1_248' title='bbox 2288 3191 2362 3246; x_wconf 83' lang='lat'><strong>35</strong></span> 
     </span>
    </p>

    <p class='ocr_par' dir='ltr' id='par_1_12' title="bbox 227 3263 2273 3427">
     <span class='ocr_line' id='line_1_33' title="bbox 227 3263 2273 3343; baseline 0 -19"><span class='ocrx_word' id='word_1_249' title='bbox 227 3271 262 3324; x_wconf 83' lang='grc'>8</span> <span class='ocrx_word' id='word_1_250' title='bbox 280 3281 353 3321; x_wconf 90' lang='lat' dir='ltr'><strong>ne</strong></span> <span class='ocrx_word' id='word_1_251' title='bbox 385 3279 459 3320; x_wconf 87' lang='lat' dir='ltr'><strong>ex</strong></span> <span class='ocrx_word' id='word_1_252' title='bbox 487 3263 870 3323; x_wconf 86' lang='lat' dir='ltr'><strong>centumvirali</strong></span> <span class='ocrx_word' id='word_1_253' title='bbox 902 3265 1110 3324; x_wconf 92' lang='lat' dir='ltr'><strong>iudicio</strong></span> <span class='ocrx_word' id='word_1_254' title='bbox 1140 3267 1344 3341; x_wconf 88' lang='lat' dir='ltr'><strong>capitis</strong></span> <span class='ocrx_word' id='word_1_255' title='bbox 1372 3266 1456 3324; x_wconf 88' lang='lat' dir='ltr'><strong>rei</strong></span> <span class='ocrx_word' id='word_1_256' title='bbox 1486 3267 1722 3325; x_wconf 85' lang='lat' dir='ltr'><strong>exirent.</strong></span> <span class='ocrx_word' id='word_1_257' title='bbox 1765 3263 1839 3324; x_wconf 89' lang='lat' dir='ltr'><strong>Et</strong></span> <span class='ocrx_word' id='word_1_258' title='bbox 1867 3275 2025 3325; x_wconf 89' lang='lat' dir='ltr'><strong>erant</strong></span> <span class='ocrx_word' id='word_1_259' title='bbox 2048 3265 2273 3343; x_wconf 85' lang='lat' dir='ltr'><strong>quidam</strong></span> 
     </span>
     <span class='ocr_line' id='line_1_34' title="bbox 282 3344 2269 3427; baseline 0.003 -23"><span class='ocrx_word' id='word_1_260' title='bbox 282 3347 338 3404; x_wconf 91' lang='lat' dir='ltr'><strong>in</strong></span> <span class='ocrx_word' id='word_1_261' title='bbox 368 3344 479 3406; x_wconf 89' lang='lat' dir='ltr'><strong>illis</strong></span> <span class='ocrx_word' id='word_1_262' title='bbox 513 3346 714 3423; x_wconf 88' lang='lat' dir='ltr'><strong>quibus</strong></span> <span class='ocrx_word' id='word_1_263' title='bbox 744 3348 894 3407; x_wconf 93' lang='lat' dir='ltr'><strong>obici</strong></span> <span class='ocrx_word' id='word_1_264' title='bbox 925 3358 983 3407; x_wconf 89' lang='lat' dir='ltr'><strong>et</strong></span> <span class='ocrx_word' id='word_1_265' title='bbox 1014 3347 1280 3408; x_wconf 87' lang='lat' dir='ltr'><strong>Gratillae</strong></span> <span class='ocrx_word' id='word_1_266' title='bbox 1309 3349 1548 3408; x_wconf 86' lang='lat' dir='ltr'><strong>amicitia</strong></span> <span class='ocrx_word' id='word_1_267' title='bbox 1569 3359 1627 3409; x_wconf 86' lang='lat' dir='ltr'><strong>et</strong></span> <span class='ocrx_word' id='word_1_268' title='bbox 1652 3348 1873 3410; x_wconf 85' lang='lat' dir='ltr'><strong>Rustici</strong></span> <span class='ocrx_word' id='word_1_269' title='bbox 1895 3358 2114 3427; x_wconf 88' lang='lat' dir='ltr'><strong>posset.</strong></span> <span class='ocrx_word' id='word_1_270' title='bbox 2154 3347 2269 3409; x_wconf 90' lang='lat' dir='ltr'><strong>Ro·</strong></span> 
     </span>
    </p>

    <p class='ocr_par' dir='ltr' id='par_1_13' title="bbox 229 3429 2272 3509">
     <span class='ocr_line' id='line_1_35' title="bbox 229 3429 2272 3509; baseline 0 -16"><span class='ocrx_word' id='word_1_271' title='bbox 229 3439 262 3493; x_wconf 88' lang='lat'>9</span> <span class='ocrx_word' id='word_1_272' title='bbox 282 3439 415 3507; x_wconf 84' lang='lat' dir='ltr'><strong>gant</strong></span> <span class='ocrx_word' id='word_1_273' title='bbox 441 3447 533 3489; x_wconf 91' lang='lat' dir='ltr'><strong>me</strong></span> <span class='ocrx_word' id='word_1_274' title='bbox 572 3439 634 3489; x_wconf 91' lang='lat' dir='ltr'><strong>ut</strong></span> <span class='ocrx_word' id='word_1_275' title='bbox 662 3448 788 3490; x_wconf 86' lang='lat' dir='ltr'><strong>cum</strong></span> <span class='ocrx_word' id='word_1_276' title='bbox 818 3429 1057 3492; x_wconf 90' lang='lat' dir='ltr'><strong>Curiano</strong></span> <span class='ocrx_word' id='word_1_277' title='bbox 1096 3431 1315 3509; x_wconf 88' lang='lat' dir='ltr'><strong>loquar.</strong></span> <span class='ocrx_word' id='word_1_278' title='bbox 1380 3429 1757 3495; x_wconf 89' lang='lat' dir='ltr'><strong>Convenimus</strong></span> <span class='ocrx_word' id='word_1_279' title='bbox 1791 3435 1847 3492; x_wconf 90' lang='lat' dir='ltr'><strong>in</strong></span> <span class='ocrx_word' id='word_1_280' title='bbox 1888 3434 2088 3494; x_wconf 88' lang='lat' dir='ltr'><strong>aedem</strong></span> <span class='ocrx_word' id='word_1_281' title='bbox 2120 3431 2272 3493; x_wconf 90' lang='lat' dir='ltr'><strong>Con-</strong></span> 
     </span>
    </p>
   </div>
   <div class='ocr_carea' id='block_1_6' title="bbox 1217 3712 1232 3747">
    <p class='ocr_par' dir='ltr' id='par_1_14' title="bbox 1217 3712 1232 3747">
     <span class='ocr_line' id='line_1_36' title="bbox 1217 3712 1232 3747; baseline 0 0"><span class='ocrx_word' id='word_1_282' title='bbox 1217 3712 1232 3747; x_wconf 72' lang='grc' dir='ltr'>ί</span> 
     </span>
    </p>
   </div>
   <div class='ocr_carea' id='block_1_7' title="bbox 2450 0 2455 856">
    <p class='ocr_par' dir='ltr' id='par_1_15' title="bbox 2450 0 2455 856">
     <span class='ocr_line' id='line_1_37' title="bbox 2450 0 2455 856; baseline 0 0"><span class='ocrx_word' id='word_1_283' title='bbox 2450 0 2455 856; x_wconf 95' lang='lat' dir='ltr'><strong> </strong></span> 
     </span>
    </p>
   </div>
  </div>
 </body>
</html>
