2467 3850
327 155 449 221 196
1163 154 1230 216 G.
1276 153 1468 217 PLINI

320 309 502 386 ribus,
532 316 612 385 ut,
642 308 893 387 quamvis
922 305 1056 367 nibil
1087 309 1375 386 ceperim,
1403 325 1518 368 non
1550 306 1686 369 nibil
1713 306 1973 367 referam.
2037 305 2215 367 Datur
2252 317 2314 368 et

324 392 565 470 colonis,
594 401 655 453 ut
673 391 894 453 videtur
918 392 1081 471 ipsis,
1110 409 1223 453 non
1251 394 1387 455 satis
1409 395 1700 472 temporis,
1726 406 1964 469 quorum
1984 390 2117 451 mihi
2143 410 2314 469 agre-

320 486 446 537 stes
475 475 764 555 querellae
794 474 1009 538 litteras
1049 485 1271 537 nostras
1305 485 1364 537 et
1401 476 1546 539 haec
1584 477 1793 538 urbana
1819 492 1998 554 opera
2025 492 2314 537 commen·

326 560 473 623 dant.
539 560 698 621 Vale.

1168 641 1453 704 XXXVII.
2335 638 2369 690 ⁵

661 774 673 807 ,
872 742 929 793 c,
960 741 1206 794 numus
1233 741 1509 794 PAULINO
1543 741 1666 793 suo
1701 740 1758 793 s,

277 851 308 902 1
447 844 572 905 Nec
601 854 731 906 tuae
759 853 985 906 naturae
1015 855 1104 907 est
1130 844 1468 906 translaticia
1494 843 1639 905 haec
1670 852 1726 904 et
1755 846 1911 924 quasi
1940 843 2166 927 publica
2186 842 2315 904 offi-

330 929 414 990 cia
446 947 479 988 a
515 929 873 990 familiaribus
910 931 1101 990 amicis
1136 939 1331 989 contra
1368 930 1620 1008 ipsorum
1661 929 2011 989 commodum
2050 930 2312 1011 exigere,

328 1021 386 1074 et
413 1030 524 1089 ego
554 1024 614 1074 te
659 1015 1002 1074 constantius
1041 1030 1166 1073 amo
1212 1031 1376 1091 quam
1417 1020 1478 1072 ut
1513 1029 1715 1073 verear
1753 1031 1827 1072 ne
1857 1011 2020 1073 aliter
2039 1030 2107 1072 ac
2137 1011 2316 1072 velim

327 1097 609 1176 accipias,
648 1099 755 1158 nisi
795 1106 855 1158 te
882 1095 1148 1158 Kalendis
1183 1098 1368 1157 statim
1397 1096 1693 1157 consulem
1718 1096 1944 1166 vider03
1976 1086 2316 1174 praese'lztim
2335 1101 2400 1152 lo

329 1198 456 1241 cum
482 1199 570 1241 me
603 1183 918 1242 necessitas
946 1181 1308 1242 locandorum
1335 1180 1690 1258 praediorum
1726 1180 1922 1260 plures
1955 1197 2129 1243 annos
2164 1176 2315 1239 ordi·

274 1272 519 1328 2natura
548 1265 826 1341 detineat,
870 1267 926 1324 in
956 1283 1064 1343 qua
1102 1264 1234 1325 mibi
1262 1281 1408 1324 nova
1438 1263 1669 1325 consilia
1691 1264 1957 1324 sumenda
1978 1271 2124 1325 sunt.
2171 1258 2316 1323 Nam

327 1350 518 1427 priore
562 1345 775 1425 lustro,
832 1365 1160 1428 quamquam
1198 1357 1335 1428 post
1371 1365 1599 1426 magnas
1640 1350 2038 1426 remissiones,
2091 1346 2316 1426 reliqua

329 1440 660 1492 creverunt:
687 1431 816 1492 inde
848 1431 1138 1512 plerisque
1167 1431 1318 1491 nulla
1346 1434 1452 1492 iam
1479 1450 1612 1492 cura
1641 1433 1919 1493 minuendi
1949 1433 2098 1492 aeris
2119 1431 2310 1508 alieni,

328 1514 481 1595 quod
520 1515 820 1594 desperant
858 1534 1035 1596 posse
1078 1515 1361 1597 persolvi;
1403 1519 1624 1596 rapiunt
1664 1518 1830 1577 etiam
1862 1525 2308 1594 consumuntque
2331 1523 2393 1576 15

277 1608 311 1661 3
331 1597 481 1677 quod
509 1609 696 1660 natum
726 1608 834 1676 est,
870 1610 930 1660 ut
960 1603 1056 1680 qui
1087 1603 1192 1661 iam
1215 1608 1412 1679 putent
1436 1619 1501 1661 se
1526 1618 1638 1660 non
1666 1600 1776 1661 sibi
1796 1617 2054 1680 parcere.
2097 1598 2313 1659 Occur-

327 1684 561 1747 rendum
592 1702 731 1762 ergo
772 1684 1213 1763 augescentibus
1244 1685 1393 1745 vitiis
1430 1694 1489 1745 et
1516 1682 1851 1744 medendum
1880 1692 1988 1745 est.
2048 1681 2312 1744 Medendi

327 1786 433 1827 una
460 1769 628 1844 ratio,
662 1769 710 1828 si
733 1786 848 1829 non
874 1774 1094 1829 nummo
1127 1768 1231 1829 sed
1262 1769 1513 1847 partibus
1547 1768 1735 1829 locem
1757 1785 1824 1828 ac
1853 1766 2054 1828 deinde
2078 1785 2151 1827 ex
2170 1769 2312 1827 meis

326 1851 547 1932 aliquos
579 1854 771 1932 operis
807 1862 1105 1914 exactores
1142 1851 1410 1912 custodes
1441 1851 1717 1913 fructibus
1751 1869 1983 1932 ponam;
2018 1860 2077 1911 et
2103 1851 2313 1931 alioqui

325 1936 537 1997 nullum
576 1938 775 1998 iustius
814 1956 993 2015 genus
1027 1938 1246 1998 reditus
1290 1954 1453 2015 quam
1493 1936 1646 2017 quod
1684 1945 1836 1998 terra
1877 1935 2094 1997 caelum
2136 1954 2309 1996 annus
2328 1934 2394 1988 20

277 2020 525 2080 4refert.
590 2020 677 2080 Ad
706 2020 818 2082 hoc
844 2039 1094 2100 magnam
1125 2020 1324 2099 fidem,
1369 2040 1533 2083 acres
1568 2020 1805 2099 oculos,
1845 2035 2171 2081 numerosas
2199 2037 2311 2079 ma-

328 2121 433 2163 nus
457 2107 673 2182 poscit:
707 2105 1110 2185 experiundum
1139 2115 1323 2166 tamen
1347 2114 1406 2166 et
1435 2108 1594 2184 quasi
1624 2108 1680 2166 in
1706 2107 1889 2167 veteri
1915 2105 2111 2166 morbo
2140 2122 2311 2183 quae·

277 2194 308 2244 5
326 2187 468 2247 libet
513 2190 831 2251 mutationis
875 2190 1078 2251 auxilia
1120 2187 1443 2267 temptanda
1470 2199 1618 2251 sunt.
1679 2187 1854 2251 Vides
1885 2206 2048 2268 quam
2073 2207 2184 2248 non
2213 2188 2309 2248 de-

327 2270 495 2331 licata
538 2291 626 2333 me
663 2290 832 2335 causa
866 2274 1024 2334 obire
1067 2276 1302 2353 primum
1342 2273 1665 2336 consulatus
1705 2276 1785 2335 tui
1815 2273 1962 2334 diem
1996 2290 2108 2332 non
2139 2274 2309 2336 sinat:

328 2373 494 2434 quem
521 2366 706 2438 tamen
738 2356 831 2417 hic
879 2372 1105 2435 quoque
1129 2368 1188 2418 ut
1210 2374 1484 2435 praesens
1508 2360 1657 2419 votis
1698 2353 1900 2431 gaudio
1934 2350 2306 2431 gratulatione
2325 2360 2386 2413 25

325 2437 648 2502 celebrabo.
734 2440 890 2501 Vale.

1159 2535 1471 2599 XXXVIII.

831 2632 886 2687 c,
921 2634 1170 2687 PLINJUS
1207 2636 1567 2688 SATURNJNO
1607 2634 1725 2687 suo
1760 2633 1813 2687 s,

445 2736 573 2815 Ego
606 2756 745 2799 vero
776 2738 983 2800 Rufum
1014 2747 1269 2801 nostrum
1295 2741 1498 2819 laudo,
1540 2758 1653 2802 non
1693 2743 1824 2819 quia
1862 2748 1921 2800 tu
1955 2746 2014 2800 ut
2056 2740 2131 2798 ita
2158 2737 2307 2798 face·
2421 2763 2422 2766 ¹

327 2838 446 2881 rem
474 2824 701 2900 petisti,
751 2824 856 2885 sed
895 2827 1023 2903 quia
1064 2835 1155 2885 est
1183 2825 1281 2886 ille
1319 2825 1697 2903 dignissimus.
1760 2823 1897 2901 Legi
1931 2825 2080 2884 enim
2112 2821 2381 2882 librum30
2417 2821 2420 2910 J

327 2906 582 2967 omnibus
605 2911 854 2970 numeris
883 2907 1221 2986 absolutum,
1257 2911 1347 2970 cui
1379 2909 1611 2970 multum
1636 2908 1784 2988 apud
1811 2925 1902 2968 me
1925 2907 2140 2986 gratiae
2159 2922 2309 2966 amor
2415 2935 2416 2982 1

326 2991 508 3066 ipsius
548 2989 772 3052 adiecit.
835 2991 1081 3053 Iudicavi
1122 3004 1325 3054 tamen.
1387 2992 1593 3073 Neque
1624 2995 1771 3055 enim
1805 2992 1913 3054 soli
1942 2991 2184 3052 iudicant
2213 2991 2304 3068 qui
2413 2987 2414 3052 l

328 3073 572 3151 maligne
603 3075 822 3152 legunt.
882 3075 1041 3136 Vale.
2411 3089 2412 3126 ¹

1148 3209 1490 3274 xxxvnn.
2319 3239 2408 3304 35*

897 3309 950 3359 e.
989 3310 1240 3363 numus
1273 3310 1509 3363 musmo
1540 3310 1661 3364 suo
1693 3311 1747 3362 s,
2405 3293 2406 3340 ¹

295 3409 322 3458 1
406 3447 419 3454 .
448 3398 820 3481 Haruspicum
868 3410 1078 3469 monitu
1115 3412 1423 3473 reficienda
1462 3421 1554 3474 est
1596 3413 1730 3474 mihi
1767 3412 1942 3474 aedes
1987 3407 2212 3473 Cereris
2253 3412 2305 3471 in
