2467 3850
254 143 260 149 ’
324 149 451 215 274
1158 146 1223 209 C.
1263 146 1457 210 mm

325 309 544 383 cipatus
561 345 580 380 ‚
624 311 687 364 ut
711 305 818 363 iam
847 310 1147 363 excusatus
1174 300 1486 360 bonoribus
1517 307 1576 358 et
1615 297 1912 378 expletus,
1955 285 2319 359 consulatum

321 389 620 461 recusasti,
651 404 819 464 quem
839 388 971 447 novi
992 389 1362 463 imperatores
1387 384 1718 444 destinatum
1739 382 1865 443 aliis
1888 384 1944 440 in
1973 400 2039 443 se
2066 383 2318 443 transfe-

320 471 533 531 rebant.
577 470 703 531 Fuit
724 472 887 532 etiam
921 472 1014 549 qui
1046 472 1102 529 in
1126 470 1472 547 principatus
1494 467 1581 526 sui
1603 465 2107 543 fine-consulatum,
2140 484 2320 544 quem

320 554 552 615 dederat
580 556 739 632 ipse,
768 572 966 631 magna
996 572 1070 614 ex
1091 562 1251 631 parte
1280 555 1385 612 iam
1415 560 1636 628 gestum
1667 558 2035 628 extorqueret
2061 558 2121 610 et
2141 568 2317 628 rape·
2446 619 2447 630 2

318 648 423 698 ret.
478 637 603 698 Hoc
634 656 775 718 ergo
803 638 1054 714 honore,
1090 655 1259 716 quem
1287 645 1346 697 et
1374 634 1712 711 incipientes
1744 635 2033 712 principes
2064 643 2124 694 et
2155 633 2313 694 desi·
2333 651 2370 705 5
2446 649 2447 654 ’

318 731 518 783 nentes
555 720 702 782 adeo
746 724 1154 799 concupiscunt
1194 729 1257 780 ut
1297 718 1581 794 auferant,
1632 727 1694 777 tu
1734 719 1919 782 otioso
1944 735 2028 777 ‚ac
2065 729 2316 780 vacante

319 808 554 883 privatis
603 807 847 867 cessisti,
916 801 1307 865 Invidiosusne
1343 811 1464 863 erat
1493 811 1586 861 aut
1620 802 1721 861 tibi
1748 804 1947 861 tertius
1979 797 2314 864 consulatus

318 898 411 949 aut
439 892 676 969 principi
706 886 957 967 primus?
1017 886 1156 948 Nam
1190 886 1498 949 secundum
1536 888 1841 963 imperator
1880 885 2140 963 quidem,
2197 887 2312 948 suh

317 976 657 1050 imperatore
687 983 870 1033 tamen
901 975 1076 1049 inisti,
1103 972 1357 1050 nihilque
1389 971 1629 1048 inputari
1655 971 1709 1028 in
1732 986 1805 1029 eo
1825 969 1919 1029 vel
1942 969 2150 1030 ,honori
2179 981 2310 1048 pot·

321 1066 409 1117 est
435 1057 533 1117 vei
562 1057 826 1136 exemplo
851 1058 961 1117 nisi
990 1058 1342 1135 obsequium.
1399 1053 1483 1115 lta
1520 1071 1695 1130 vere,
1739 1070 1882 1130 quae
1915 1055 2112 1114 civitas
2143 1057 2306 1132 quin-
2331 1071 2400 1123 ιο

320 1143 482 1219 quies
508 1151 677 1220 atque
709 1143 876 1200 etiam
898 1143 1087 1201 sexies
1111 1139 1378 1200 consules
1397 1138 1566 1213 vidit,
1596 1154 1710 1198 non
1736 1136 1868 1198 illos
1892 1138 1986 1216 qui
2014 1139 2308 1215 expirante

318 1227 424 1284 iam
456 1224 716 1285 libertate
747 1243 854 1303 per
882 1226 993 1284 vim
1021 1241 1089 1284 ac
1122 1223 1414 1284 tumultum
1438 1221 1798 1298 creabantur,
1832 1220 1936 1282 sed
1969 1223 2174 1300 quibus
2207 1242 2304 1284 se·

315 1310 520 1387 positis
555 1318 612 1367 et
639 1308 961 1369 absentibus
992 1310 1048 1368 in
1080 1326 1209 1368 rura
1242 1325 1343 1369 sua
1373 1305 1695 1367 consulatus
1722 1304 2076 1382 ferebantur,
2106 1308 2163 1366 in
2192 1306 2304 1368 hac

318 1393 545 1450 civitate
575 1393 797 1451 tertium
836 1391 1181 1453 consulatum
1216 1394 1485 1471 princeps
1513 1390 1747 1466 generis
1777 1388 1998 1449 humani
2037 1398 2097 1449 ut
2134 1408 2300 1469 prae-

314 1492 546 1550 gravem
585 1473 903 1536 recusasti?
959 1475 1208 1537 Tantone
1237 1475 1468 1554 Papiriis
1502 1475 1667 1533 etiam
1689 1481 1746 1531 et
1779 1471 2019 1545 Quintiis
2045 1474 2297 1536 modera-
2322 1489 2396 1546 15

312 1559 425 1617 tior
449 1557 741 1636 Augustus
774 1569 834 1619 et
861 1557 1072 1621 Caesar
1101 1569 1159 1620 et
1185 1569 1351 1640 pater
1382 1554 1639 1637 patriae?
1673 1557 1750 1617 Αἰ
1782 1556 1916 1618 illos
1943 1575 2039 1618 res
2068 1557 2297 1636 publica

314 1641 517 1704 ciebat.
580 1640 773 1715 Quid?
822 1651 880 1703 te
914 1662 1027 1705 non
1057 1643 1255 1705 eadem
1281 1662 1376 1703 res
1418 1637 1686 1720 publica?
1734 1657 1846 1701 non
1876 1640 2144 1704 senatus?
2180 1662 2298 1704 non

311 1725 632 1788 consulatus
658 1730 818 1805 ipse,
859 1730 955 1805 qui
992 1728 1099 1788 sibi
1129 1731 1241 1788 tuis
1269 1728 1478 1788 umeris
1510 1723 1689 1786 attolli
1718 1735 1778 1784 et
1797 1742 2111 1802 augescere
2137 1727 2296 1788 vide-

210 1813 290 1876 58
311 1807 441 1869 tur?
482 1808 609 1870 Non
635 1819 695 1870 te
721 1812 791 1871 ad
823 1811 1113 1890 exemplar
1140 1814 1264 1872 eius
1292 1825 1441 1872 voco
1471 1812 1565 1888 qui
1601 1810 1875 1869 continuis
1910 1810 2293 1872 consulatibus

309 1892 525 1955 fecerat
553 1893 785 1973 longum
819 1895 1093 1974 quendam
1127 1905 1186 1956 et
1219 1898 1342 1956 sine
1371 1895 1690 1956 discrimine
1719 1911 1945 1954 annum:
1970 1895 2040 1955 iis
2065 1905 2123 1956 te
2155 1912 2289 1956 con·
2310 1907 2392 1963 20

309 1976 433 2038 fero
475 1996 619 2057 quos
662 1989 878 2040 certum
916 1990 1040 2058 est,
1092 1983 1351 2059 quotiens
1395 1977 1661 2040 consules
1704 1977 1962 2055 fuerunt,
2029 1996 2142 2039 non
2179 1980 2291 2040 sibi

309 2064 683 2135 praestitisse.
725 2062 861 2124 Erat
887 2065 943 2124 in
972 2074 1170 2125 senatu
1202 2074 1292 2125 ter
1320 2061 1554 2138 consul,
1590 2080 1716 2121 cum
1741 2071 1802 2121 tu
1834 2065 2057 2122 tertium
2086 2080 2289 2124 consu·
2328 2122 2345 2143 Ι

309 2143 477 2204 latum
505 2146 833 2208 recusabas.
877 2147 1192 2210 onerosum
1215 2151 1416 2209 nescio
1445 2146 1580 2225 quid
1600 2146 1976 2209 verecundiae
2004 2158 2134 2209 tuae
2155 2165 2291 2208 con-

309 2245 511 2288 sensus
541 2239 738 2289 nester
768 2231 1075 2308 indixerat,
1104 2243 1166 2292 ut
1197 2234 1469 2311 princeps
1499 2232 1705 2290 totiens
1732 2230 1930 2291 consul
1963 2249 2126 2293 esses
2147 2249 2291 2309 quo·

304 2312 454 2370 tiens
486 2321 714 2372 senator
753 2322 911 2374 tuus:
957 2318 1122 2376 nimia
1150 2315 1425 2377 modestia
1465 2315 1614 2375 istud
1650 2316 1818 2374 etiam
1847 2316 2095 2393 privatus
2122 2333 2288 2375 recu·
2307 2328 2388 2382 25

304 2411 516 2454 sasses.
585 2395 675 2454 An
721 2397 1031 2458 consularis
1070 2402 1177 2459 viri
1216 2397 1678 2478 triumphalisque
1713 2398 1894 2476 filius,
1956 2418 2083 2461 cum
2119 2402 2290 2459 tertio

305 2477 504 2538 consul
540 2489 793 2557 creatur,
824 2481 1122 2543 ascendit?
1166 2501 1279 2543 non
1308 2483 1560 2543 debitum
1591 2482 1702 2542 hoc
1732 2480 1856 2542 illi?
1897 2501 2009 2544 non
2036 2483 2132 2543 vel
2164 2484 2293 2543 sola

300 2564 536 2638 generis
567 2561 818 2625 claritate
846 2565 1252 2644 promeritum?
1320 2565 1575 2644 Contigit
1615 2584 1757 2643 ergo
1797 2569 2033 2645 privatis
2061 2569 2287 2646 aperire

300 2663 500 2705 annum
540 2646 836 2726 fastosque
875 2667 1169 2728 reserare,
1221 2660 1281 2710 et
1323 2651 1436 2710 hoc
1467 2668 1697 2729 quoque
1724 2651 1980 2711 redditae
2010 2652 2290 2712 libertatis

300 2727 564 2789 indicium
595 2729 701 2790 fuit
731 2732 882 2809 quod
907 2734 1105 2795 consui
1132 2735 1274 2794 alius
1299 2751 1462 2812 quam
1492 2729 1705 2791 Caesar
1729 2742 1904 2792 esset.
1951 2731 2049 2792 Sic
2071 2737 2286 2797 exactis
2306 2743 2387 2800 30

299 2812 534 2886 regibus
564 2818 757 2893 coepit
786 2815 932 2876 liber
969 2835 1173 2879 annus:
1218 2821 1305 2879 sic
1337 2818 1469 2877 olim
1497 2817 1743 2875 servitus
1771 2815 1934 2893 pulsa
1963 2818 2177 2894 privata
2206 2819 2293 2881 fa·

300 2893 401 2952 stis
423 2900 643 2956 nomina
671 2898 903 2959 induxit.
944 2899 1186 2963 Miseros
1211 2902 1527 2962 ambitionis
1551 2901 1646 2977 qui
1666 2901 1744 2958 ita
1768 2900 2036 2964 consules
2056 2921 2317 2983 semper„

299 2980 362 3030 ut
390 2994 619 3054 semper
638 2982 928 3059 principes
952 2985 1137 3044 erant!
1179 2984 1523 3063 Quamquam
1543 3000 1657 3041 non
1677 2983 1904 3044 ambitio
1924 2988 2104 3063 magis
2122 3004 2294 3066 quam

299 3051 444 3117 livor
480 3068 538 3117 et
580 3062 892 3140 malignitas
930 3067 1112 3127 videri
1155 3079 1345 3147 potest
1375 3085 1575 3128 omnes
1599 3069 2105 3148 annospossidere
2135 3090 2292 3132 sum-

300 3151 562 3217 mumque
588 3141 728 3203 illud
759 3164 1040 3226 purpurae
1070 3149 1249 3212 decus
1277 3170 1389 3212 non
1416 3153 1526 3212 nisi
1554 3162 1949 3231 praecerptum
1979 3155 2292 3233 praeflora—
2309 3163 2391 3219 35

300 3226 527 3314 tumque
550 3230 939 3290 transmittere.
982 3231 1317 3294 Tuam-vero
1337 3238 1835 3312 magnanimitatem
1858 3254 1927 3298 an
1949 3240 2300 3301 modestiam

298 3315 370 3356 an
384 3297 778 3404 benignitatem
790 3315 944 3390 prius
956 3317 1124 3385 mirer
1137 3312 1167 3374 ⁶?
1187 3316 1646 3395 Magnanimitatis
1661 3320 1764 3382 fuit
1780 3325 2037 3401 expetito
2054 3341 2299 3401 semper

299 3377 512 3441 honore
541 3385 842 3471 abstinere,
872 3395 1180 3460 modestiae
1205 3400 1445 3482 cedem,
1463 3404 1820 3484 benignitatis
1845 3425 1952 3486 per
1974 3408 2130 3470 alios
2153 3409 2298 3469 frui.
