2467 3850
766 125 1286 190 PANEGYRICUS
1328 136 1378 191 9.
1406 139 1489 193 10.
1518 139 1600 191 11.
2042 125 2163 191 245

181 278 297 343 tri?
337 279 447 341 Ubi
476 279 676 340 deinde
708 278 1045 359 disciplina?
1071 281 1167 340 ubi
1189 297 1311 339 mos
1333 298 1365 340 a
1387 280 1687 340 maioribus
1707 278 1960 358 traditus,
1985 279 2162 358 quod-

183 381 426 443 cumque
454 366 758 444 imperator
787 383 982 424 munus
1026 366 1378 441 iniungeret,
1429 380 1612 441 aequo
1642 365 1821 423 animo
1855 373 2162 443 paratoque

184 444 504 509 subeundi?
578 447 722 521 Quid
764 449 943 524 enim,
986 450 1033 507 si
1061 449 1376 525 provincias
1413 464 1485 506 ex
1512 448 1850 526 provinciis,
1898 464 1972 507 ex
1995 446 2163 507 bellis

185 530 336 593 bella
363 528 686 590 mandaret?
748 530 968 591 Eodem
995 530 1150 590 illum
1180 531 1260 590 uti
1294 532 1415 591 iure
1435 575 1453 608 ,
1500 548 1627 590 cum
1656 531 1726 590 ad
1753 532 2046 612 imperium
2073 549 2162 590 re-

136 619 390 691 5vocet,
422 632 535 692 quo
567 617 639 674 sit
668 632 838 691 usus,
873 633 997 675 cum
1026 613 1095 675 ad
1117 617 1425 674 exercitum
1447 615 1692 690 miserit,
1722 614 1971 692 nihilque
1996 616 2164 675 iuter-

183 717 320 760 esse
346 701 430 758 ire
475 697 719 778 legatum
749 717 817 757 an
847 698 1034 758 redire
1063 699 1378 776 principem
1406 697 1628 774 iubeat,
1678 698 1783 757 nisi
1814 698 1964 776 quod
1990 700 2163 757 maior

182 785 256 844 sit
286 782 545 859 obsequii
575 780 754 858 gloria
781 784 837 841 in
867 799 938 841 eo
969 782 1121 859 quod
1149 783 1275 859 quis
1305 782 1482 840 minus
1520 781 1677 841 velit.
1764 781 2026 859 Augebat
2067 799 2160 840 au·
2185 775 2264 839 10

183 866 499 926 ctoritatem
537 865 779 924 iubentis
816 867 873 924 in
915 882 1182 925 summum
1230 864 1529 926 discrimen
1568 866 1868 925 auctoritas
1916 867 2037 925 eius
2069 865 2163 924 ad-

182 949 371 1026 ducta,
403 958 573 1026 utque
601 951 778 1028 magis
807 949 1108 1028 parendum
1130 950 1421 1025 imperanti
1444 957 1670 1026 putares
1698 948 2048 1010 efficiebatur
2069 965 2162 1025 eo,

99 1041 168 1093 lo
184 1031 337 1112 quod
364 1033 435 1091 ab
465 1032 588 1092 aliis
618 1035 797 1093 minus
830 1033 1146 1111 parebatur.
1216 1032 1309 1092 Ad
1350 1032 1460 1092 hoc
1503 1031 1769 1093 audiebas
1802 1041 2028 1093 senatus
2061 1049 2162 1111 po·

182 1114 418 1196 pulique
452 1132 804 1176 consensum.
842 1115 969 1175 Non
996 1118 1157 1175 unius
1186 1113 1412 1176 Nervae
1440 1115 1698 1175 iudicium
1726 1115 1898 1193 illud,
1929 1115 2023 1175 illa
2047 1115 2164 1175 ele·

187 1201 303 1259 ctio
331 1197 453 1258 fuit.
490 1198 628 1258 Nam
651 1199 746 1278 qui
769 1200 977 1279 ubique
1008 1208 1135 1260 sunt
1157 1198 1411 1260 homines
1439 1198 1552 1259 hoc
1579 1199 1727 1259 idem
1751 1200 1901 1259 votis
1929 1208 2162 1278 expete-

186 1284 345 1349 bant:
394 1280 494 1342 ille
542 1292 751 1343 tantum
790 1286 910 1343 iure
953 1284 1223 1362 principis
1271 1284 1604 1362 occupavit,
1659 1285 1979 1362 primusque
2028 1282 2168 1342 fecit

187 1364 340 1445 quod
366 1366 563 1426 facturi
593 1383 787 1428 omnes
816 1376 992 1427 erant.
1031 1365 1156 1427 Nec
1177 1365 1426 1427 Hercule
1455 1375 1608 1426 tanto
1636 1384 1814 1445 opere
1841 1368 2055 1426 cunctis
2084 1365 2165 1424 fa·

104 1451 169 1503 15
189 1459 340 1509 ctum
365 1448 652 1528 placeret,
691 1452 799 1510 nisi
830 1450 1140 1527 placuisset
1167 1459 1296 1509 ante
1329 1467 1490 1529 quam
1533 1450 1712 1510 fieret.
1777 1451 1853 1510 At
1894 1468 2039 1528 quo,
2083 1449 2156 1508 dii

187 1532 354 1608 boni,
399 1542 841 1611 temperamento
881 1542 1217 1611 potestatem
1246 1542 1396 1592 tuam
1428 1533 1814 1612 fortunamque
1840 1533 2160 1594 moderatus

187 1616 284 1678 es!
330 1616 641 1694 Mperator
679 1626 739 1676 tu
770 1616 943 1676 titulis
978 1626 1037 1675 et
1065 1616 1395 1692 imaginibus
1426 1625 1483 1675 et
1515 1618 1723 1693 signis,
1767 1626 2016 1676 ceterum
2045 1633 2163 1677 mo-

187 1700 371 1760 destia
410 1698 604 1760 labore
641 1700 927 1777 vigilantia
966 1699 1079 1759 dux
1117 1709 1175 1759 et
1202 1698 1424 1776 legatus
1453 1708 1512 1757 et
1538 1699 1732 1776 miles,
1787 1717 1911 1759 cum
1939 1703 2044 1759 iam
2072 1710 2166 1760 tua

185 1782 429 1859 vexilla,
461 1792 584 1843 tuas
611 1783 825 1862 aquilas
849 1800 1051 1859 magno
1076 1782 1250 1859 gradu
1273 1784 1548 1858 anteires,
1579 1800 1767 1860 neque
1797 1781 1945 1842 aliud
1971 1784 2069 1842 tibi
2093 1801 2165 1840 ex

99 1874 172 1929 20
186 1866 283 1928 illa
305 1866 607 1944 adoptione
634 1885 795 1946 quam
813 1866 911 1926 filii
933 1868 1224 1945 pietatem,
1256 1865 1353 1927 filii
1379 1866 1709 1945 obsequium
1731 1864 2026 1926 adsereres
2044 1866 2164 1925 lon-

182 1967 427 2030 gamque
443 1950 571 2011 huic
590 1953 792 2011 nomini
811 1959 1070 2028 aetatem,
1107 1949 1331 2028 longam
1358 1949 1592 2027 gloriam
1619 1967 1942 2028 precarere.
1977 1949 2089 2008 Iam
2107 1959 2165 2008 te

184 2033 537 2114 providentia
561 2034 791 2095 deorum
808 2037 1041 2113 primum
1059 2033 1318 2094 inlocum
1335 2042 1677 2112 provexerat
1690 2055 1707 2103 ;Δ
1720 2043 1777 2093 tu
1796 2031 1975 2092 adhuc
1996 2035 2052 2093 in
2075 2051 2164 2093 se·

184 2117 369 2177 cundo
391 2120 661 2179 resistere
683 2127 850 2197 atque
878 2120 1042 2179 etiam
1061 2136 1367 2179 senescere
1399 2119 1659 2197 optabas:
1690 2119 1935 2197 privatus
1953 2117 2053 2176 tibi
2084 2118 2165 2175 vi·

186 2201 409 2262 debaris
439 2220 599 2280 quam
628 2203 720 2263 diu
749 2204 1052 2282 imperator
1067 2211 1126 2262 et
1154 2202 1292 2262 alius
1312 2212 1485 2263 esset.
1512 2200 1716 2262 Audita
1743 2210 1873 2262 sunt
1899 2210 2031 2261 vota
2048 2211 2164 2277 tua,

103 2298 170 2351 25
187 2284 363 2345 sedin
382 2295 641 2363 quantum
660 2289 870 2366 optimo
897 2286 979 2346 illi
996 2295 1054 2347 et
1072 2287 1425 2348 sanctissimo
1444 2288 1567 2348 seui
1587 2285 1725 2346 utile
1742 2285 1877 2363 fuit,
1910 2303 2073 2364 quem
2093 2283 2169 2344 dii

187 2368 350 2428 caelo
371 2370 811 2448 vindicaverunt,
834 2389 907 2430 ne
936 2372 1068 2449 quid
1091 2379 1228 2451 post
1254 2369 1391 2430 illud
1419 2369 1659 2430 divinum
1683 2380 1741 2431 et
1767 2369 2059 2430 inmortale
2083 2368 2163 2428 fa-

188 2462 339 2512 ctum
355 2453 588 2514 mortale
606 2454 839 2514 faceret.
870 2453 1085 2515 Deberi
1101 2458 1312 2534 quippe
1328 2458 1565 2515 maximo
1591 2456 1750 2532 operi
1776 2453 1916 2513 hanc
1933 2471 2166 2513 venera—

185 2538 420 2613 tionem,
455 2546 514 2596 ut
540 2540 902 2597 novissimum
930 2546 1118 2617 esset,
1159 2548 1562 2616 auctoremque
1593 2540 1713 2598 eius
1749 2541 1933 2599 statim
1965 2555 2167 2597 conse-

190 2619 481 2696 crandum,
514 2630 574 2679 ut
602 2620 936 2698 quandoque
966 2622 1110 2680 inter
1140 2631 1402 2698 posteros
1435 2631 1883 2699 quaereretur’an
1902 2618 2039 2678 illud
2061 2621 2167 2677 iam

99 2708 173 2761 30
189 2702 327 2762 deus
360 2702 615 2764 fecisset.
648 2702 730 2762 Ita
752 2702 849 2762 ille
878 2702 1029 2762 nullo
1054 2706 1230 2781 magis
1251 2707 1472 2764 nomine
1494 2703 1754 2783 publicus
1778 2720 1981 2781 parens
2005 2719 2166 2780 quam

185 2789 313 2865 quia
333 2793 478 2845 tuus.
521 2786 728 2863 Ingens
747 2784 927 2862 gloria
956 2788 1270 2864 ingensque
1299 2788 1475 2863 fama,
1504 2805 1630 2845 cum
1647 2786 1865 2845 abunde
1899 2794 2167 2863 expertus

186 2877 343 2931 esset
373 2886 536 2946 quam
563 2870 711 2929 bene
728 2872 934 2929 umeris
963 2872 1075 2930 tuis
1105 2869 1334 2930 sederet
1361 2872 1684 2946 imperium,
1715 2869 1813 2928 tibi
1843 2878 2021 2929 terras
2039 2913 2056 2945 ,
2109 2877 2166 2928 te

186 2954 351 3013 terris
368 2952 621 3028 reliquit;
654 2971 725 3013 eo
745 2954 873 3032 ipso
898 2970 1060 3012 carus
1086 2954 1339 3013 omnibus
1358 2971 1424 3013 ac
1451 2952 1848 3012 desiderandus
1867 2952 2015 3030 quod
2035 2968 2165 3029 pro-

187 3045 452 3114 spexerat
463 3055 534 3096 ne
558 3036 985 3098 desideraretur.
1010 3036 1191 3110 Quem
1210 3046 1269 3097 tu
1289 3036 1531 3097 lacrimis
1549 3038 1802 3115 primum,
1822 3038 1896 3096 ita
1915 3044 1974 3095 ut
1996 3034 2166 3095 filium
2190 3041 2263 3105 11

99 3129 173 3185 35
188 3119 394 3196 decuit,
422 3138 555 3180 mox
573 3120 802 3198 templis
824 3121 1155 3197 honestasti,
1184 3138 1297 3181 non
1319 3122 1557 3181 imitatus
1581 3119 1710 3180 illos
1736 3123 1828 3198 qui
1856 3120 1964 3179 hoc
1991 3120 2160 3195 idem,

188 3203 288 3262 sed
318 3203 425 3264 alia
452 3214 637 3264 mente
667 3205 937 3264 fecerunt.
1000 3203 1222 3265 Dicavit
1253 3203 1414 3264 caelo
1427 3202 1684 3264 Tiberius
1696 3204 2028 3281 Augustum,
2061 3203 2166 3263 sed

188 3296 249 3345 ut
280 3289 581 3349 maiestatis
615 3289 825 3348 crimen
853 3289 1164 3364 induceret,
1199 3287 1489 3348 Claudium
1515 3285 1705 3365 Nem,
1741 3288 1843 3347 sed
1873 3296 1932 3346 ut
1959 3286 2162 3346 inride-

188 3378 309 3447 ret,
350 3369 755 3450 Vespasianum
783 3371 972 3452 Titus,
1014 3371 1360 3434 Domitianus
1397 3369 1611 3451 Titum,
1667 3370 1768 3432 sed
1796 3370 1931 3448 ille,
1983 3380 2041 3430 ut
2071 3368 2161 3428 dei
