2467 3850
325 159 446 225 158
1159 159 1224 221 C.
1269 159 1459 222 PLINl
2456 96 2458 195 l

296 314 434 399 xtior
462 312 871 390 repraesentari
901 309 1051 372 nulla
1082 314 1310 374 materia
1348 312 1532 392 possit
1573 329 1735 392 quam
1767 313 1820 374 si
1845 311 2301 375 abstinentissimi

326 394 748 473 fidelissimique
784 396 1038 457 custodis
1076 395 1465 476 principalium
1507 414 1676 476 opum
1709 396 2007 459 facultates
2039 396 2301 457 adiuvare

325 481 705 555 contigisset'.
766 478 890 540 Hoc
928 489 1062 539 tunc
1091 491 1282 541 votum
1316 491 1580 558 senatus,
1621 480 1733 541 hoc
1772 482 2137 559 praecipuum
2164 497 2299 557 gau·

323 564 470 623 dium
500 563 729 642 populi,
771 563 913 624 haec
941 562 1290 624 liberalitatis
1317 566 1546 624 materia
1575 566 1917 641 gratissima,
1960 566 2009 624 si
2036 562 2301 624 Pallantis

322 646 622 707 facultates
663 646 922 706 adiuvare
968 647 1318 726 publicarum
1370 665 1537 726 opum
1579 650 1876 725 egestione
1927 649 2299 724 contingeret.
2318 659 2352 711 5

271 727 439 793 Slam
473 748 616 809 quae
658 739 999 808 sequuntur,
1042 731 1297 792 voluisse
1340 731 1562 812 quidem
1605 740 1857 792 senatum
1898 749 2138 791 censere
2174 731 2301 790 dau·

325 813 453 873 dum
481 832 555 873 ex
580 816 792 873 aerario
827 817 1148 874 sestertium
1183 817 1400 875 centies
1430 817 1830 893 quinquagies,
1886 825 1943 875 et
1971 814 2192 894 ‘quanto
2230 813 2301 874 ab

325 897 597 957 eiusmodi
639 897 1031 975 cupiditatibus
1068 900 1338 959 remotior
1370 900 1492 959 eius
1532 900 1743 958 animus
1783 908 1972 975 esset,
2022 907 2177 957 tanto
2220 898 2301 956 in-

324 982 556 1059 pensius
587 990 787 1059 petere
827 998 859 1040 a
900 981 1130 1060 publico
1170 991 1403 1061 parente
1437 991 1496 1042 ut
1531 1000 1657 1041 eum
1700 981 2068 1061 compelleret
2108 980 2177 1040 ad
2208 999 2302 1040 ce-

271 1064 562 1128 9dendum
607 1066 840 1125 senatui.
905 1063 969 1124 Id
1009 1083 1148 1126 vero
1186 1066 1382 1126 deerat
1420 1075 1479 1126 ut
1520 1085 1646 1125 cum
1683 1065 1927 1126 Pallante
1970 1066 2298 1125 auctoritate
2317 1080 2385 1132 10

324 1148 551 1227 publica
587 1156 883 1225 ageretur,
933 1147 1115 1210 Pallas
1154 1159 1448 1227 rogaretur
1478 1159 1537 1209 ut
1568 1151 1782 1209 senatui
1815 1148 2080 1226 cederet,
2134 1157 2193 1207 ut
2220 1146 2302 1207 illi

324 1233 762 1311 superbissimae
794 1233 1160 1294 abstinentiae
1190 1232 1400 1294 Caesar
1425 1236 1551 1314 ipse
1578 1233 1881 1294 advocatus
1904 1241 2080 1308 esset,
2115 1250 2188 1290 ne
2209 1248 2300 1292 se-

325 1318 581 1376 stertium
612 1318 832 1376 centies
867 1319 1236 1396 quinquagies
1270 1326 1586 1395 sperneret.
1631 1317 1892 1396 Sprevit,
1936 1315 2088 1394 quod
2118 1313 2302 1375 solum

324 1401 507 1478 potuit
559 1403 724 1460 tantis
775 1401 978 1479 opibus
1024 1400 1256 1480 publice
1301 1400 1504 1461 oblatis
1532 1400 1887 1478 adrogantius
1916 1399 2107 1459 facere
2136 1416 2302 1477 quam

248 1493 309 1545 10
326 1486 374 1543 si
403 1486 742 1562 accepisset.
796 1483 1036 1544 Senatus
1068 1494 1253 1545 tamen
1286 1485 1342 1545 id
1371 1502 1595 1563 quoque
1622 1485 1815 1544 similis
1844 1484 2101 1562 querenti
2127 1481 2382 1543 laudi-15

324 1568 431 1628 bus
454 1568 599 1644 tulit,
628 1568 714 1628 his
738 1569 960 1646 quidem
980 1568 1202 1628 verbis:
1233 1569 1337 1629 sed
1360 1586 1485 1628 cum
1507 1570 1773 1647 princeps
1799 1569 2037 1647 optimus
2067 1584 2299 1643 parens·

324 1669 437 1729 que
462 1651 747 1731 publicus,
777 1662 1009 1729 rogatus
1040 1671 1071 1712 a
1100 1651 1383 1728 Pallante,
1416 1669 1539 1712 eam
1568 1662 1782 1731 partem
1814 1652 2121 1711 sententiae
2152 1668 2301 1728 quae

322 1736 638 1814 pertinebat
672 1736 742 1797 ad
784 1735 1018 1797 dandum
1059 1738 1113 1796 ei
1156 1755 1229 1796 ex
1264 1738 1477 1797 aerario
1520 1738 1840 1796 sestertium
1883 1736 2108 1795 centies
2129 1735 2300 1812 ‘quin-

325 1822 559 1897 quagies
578 1821 783 1880 remitti
802 1820 1097 1896 voluisset,
1121 1822 1316 1881 testari
1340 1830 1591 1880 senatum
1615 1820 1718 1898 [et]
1740 1839 1803 1879 se
1829 1819 2070 1878 libenter
2093 1836 2160 1876 ac
2183 1835 2302 1876 me-

321 1906 428 1964 rito
457 1904 599 1964 hanc
628 1921 893 1964 summam
921 1906 1066 1965 inter
1085 1904 1337 1985 reliquos
1365 1904 1610 1965 honores
1639 1903 1713 1963 ob
1738 1903 1900 1964 iidem
1932 1900 2385 1980 diligentiam-20

327 2006 438 2066 que
468 1988 700 2048 Pallanti
759 1987 1073 2049 decernere
1130 1992 1429 2069 coepisse;
1479 1987 1748 2048 voluntati
1799 1997 1981 2048 tamen
2028 1987 2298 2065 principis

326 2075 446 2148 sui,
490 2074 581 2131 cui
622 2074 676 2130 in
706 2071 856 2131 nulla
891 2091 953 2131 re
997 2072 1081 2132 fas
1111 2082 1332 2150 putaret
1362 2090 1711 2152 repugnare,
1750 2073 1805 2131 in
1842 2071 1948 2131 hac
1978 2087 2205 2148 quoque
2234 2087 2300 2128 re

241 2164 304 2215 11
325 2155 582 2234 obsequi.
621 2154 928 2231 Imaginare
950 2155 1256 2215 Pallantem
1275 2155 1430 2216 velut
1453 2155 1894 2216 intercedentem
1914 2163 2140 2214 senatus
2164 2170 2300 2212 con-

326 2236 475 2297 sulto
504 2237 999 2317 moderantemque
1020 2237 1268 2298 bonores
1296 2257 1432 2300 suos
1462 2250 1520 2300 et
1547 2240 1868 2299 sestertium
1901 2239 2116 2299 centies
2139 2238 2300 2315 quin·

325 2322 560 2397 quagies
589 2330 649 2379 ut
677 2322 900 2380 nimium
919 2331 1306 2398 recusantem,
1352 2342 1477 2383 cum
1503 2324 1781 2402 praetoria
1814 2331 2132 2382 ornamenta
2161 2330 2300 2379 tam·
2318 2332 2386 2385 25
2423 2320 2430 2327 ’

242 2411 308 2463 12
326 2421 488 2481 quam
532 2405 711 2463 minus
748 2406 1095 2483 recepisset:
1144 2408 1442 2484 imaginare
1484 2405 1785 2467 Caesarem
1810 2405 1994 2467 liberti
2029 2405 2301 2484 precibus

323 2486 418 2546 vel
448 2476 634 2565 potius
666 2488 901 2566 imperio
927 2506 1114 2547 coram
1141 2500 1338 2551 senatu
1362 2491 1867 2570 obtemperantem
1895 2491 2129 2569 imperat
2151 2491 2301 2547 enim

322 2570 557 2631 libertus
590 2580 826 2650 patrono
856 2590 1022 2650 quem
1048 2575 1103 2632 in
1133 2584 1330 2634 senatu
1356 2584 1546 2652 rogat:
1586 2575 1887 2651 imaginare
1921 2582 2175 2634 senatum
2205 2591 2300 2631 us·

323 2673 657 2735 quequaque
704 2664 1001 2716 testantem
1037 2660 1234 2718 merito
1269 2658 1619 2735 libenterque
1662 2676 1725 2718 se
1756 2657 1897 2717 hanc
1926 2674 2190 2718 summam
2216 2657 2299 2714 in·

321 2749 411 2799 ter
442 2738 694 2819 reliquos
724 2739 970 2801 honores
1000 2740 1229 2802 Pallanti
1265 2744 1528 2821 coepisse
1571 2740 1881 2801 decernere
1923 2750 1981 2801 et
2021 2754 2384 2819 perseve·3o

321 2832 564 2884 ratarum
594 2824 808 2901 fuisse,
850 2826 957 2885 nisi
992 2825 1403 2906 obsequeretur
1422 2827 1691 2905 principis
1717 2823 2021 2901 voluntati,
2066 2825 2156 2885 cui
2184 2841 2301 2882 non

324 2916 483 2967 esset
532 2905 617 2969 fas
655 2910 712 2967 in
766 2907 880 2967 ulla
933 2926 996 2967 re
1034 2927 1368 2988 repugnare.
1434 2907 1549 2986 Ita,
1604 2927 1675 2969 ne
1716 2910 2037 2970 sestertium
2077 2908 2299 2967 centies

322 2991 691 3068 quinquagies
718 2990 899 3052 Pallas
932 3009 1005 3051 ex
1030 2995 1244 3053 aerario
1269 2993 1477 3070 ferret,
1519 2991 1857 3052 verecundia
1884 2993 2095 3071 ipsius,
2126 2990 2300 3052 obse-

323 3075 457 3149 quio
487 3083 711 3134 senatus
743 3092 885 3154 opus
919 3075 1044 3153 fuit,
1075 3078 1128 3136 in
1159 3075 1274 3136 boc
1298 3078 1603 3156 praecipue
1633 3094 1746 3136 non
1777 3076 2123 3151 obsecuturi,
2154 3075 2205 3133 si
2239 3075 2301 3132 in

241 3163 306 3217 13
325 3154 438 3213 ulla
463 3173 527 3215 re
555 3167 809 3235 putasset
840 3159 931 3219 fas.
955 3176 1086 3219 esse
1114 3177 1225 3220 nou
1249 3161 1505 3239 obsequi.
1550 3159 1743 3219 Finem
1764 3155 2089 3220 existimas?
2127 3155 2299 3218 Mane
2316 3165 2383 3222 35

325 3238 454 3299 dum
483 3248 541 3299 et
568 3242 772 3301 maiora
800 3244 1025 3319 accipe:
1056 3245 1294 3322 ‘utique,
1328 3261 1455 3303 cum
1481 3244 1553 3303 sit
1581 3243 1717 3304 utile
1745 3244 2013 3324 principis
2036 3241 2297 3319 benigni-

322 3331 494 3383 tatem
522 3326 988 3403 promptissimam
1027 3325 1095 3384 ad
1128 3326 1348 3387 laudem
1386 3328 1742 3405 praemiaque
1783 3327 2112 3387 merentium
2148 3324 2298 3384 iulu-

324 3408 488 3468 strari
515 3406 757 3486 ubique,
800 3417 858 3468 et
891 3410 1126 3469 maxime
1163 3408 1251 3471 bis
1289 3409 1436 3472 locis
1468 3410 1669 3489 quibus
1696 3411 1912 3472 incitari
1938 3409 2008 3470 ad
2034 3409 2302 3471 unitatio-
