2467 3850
712 182 1237 247 PANEGYRICUS
1272 195 1360 251 37.
1388 199 1471 252 38.
1498 197 1585 252 39.
2015 194 2138 259 261

160 333 371 404 scindh
400 333 611 397 nullum
641 333 775 397 tanti
804 356 938 397 esse
961 339 1212 415 vectigal
1243 339 1391 417 quod
1421 338 1633 401 liberos
1664 359 1731 400 ac
1762 353 2025 421 parentes
2059 347 2138 407 fa-

160 428 320 479 ceret
361 427 675 480 extraneos.
743 419 1025 481 Hactenus
1068 422 1194 483 ille:
1241 425 1462 500 parcius
1492 424 1733 486 fortasse
1762 444 1923 505 quam
1954 429 2138 490 decuit
2159 431 2238 492 38

161 503 428 580 optimum
457 505 799 581 principem,
853 505 959 564 sed
999 523 1109 566 non
1152 508 1373 584 parcius
1412 526 1571 585 quam
1610 511 1874 587 optimum
1899 521 2135 592 patrem,

160 589 254 665 qui
281 588 563 664 optimum
584 588 966 666 adoptaturus,
999 589 1110 649 hoc
1141 607 1365 668 quoque
1397 594 1640 668 parentis
1670 591 2135 672 indulgentissimi

110 669 330 746 5fecit,
382 670 535 747 quod
571 670 852 731 delibasse
893 672 1162 750 quaedam
1194 692 1296 732 seu
1329 677 1514 751 potius
1551 676 1966 738 demonstrasse
2004 698 2136 740 con·

157 762 379 840 tentus,
424 752 631 831 largam
662 773 729 814 ac
759 773 940 834 prope
970 758 1225 816 intactam
1257 757 1403 817 bene
1434 757 1673 819 faciendi
1708 764 1991 821 materiam
2021 763 2136 824 filio
2244 811 2251 816 a

156 839 485 897 reservavit.
558 839 751 900 Statim
786 857 926 916 ergo
962 843 1174 899 muneri
1220 842 1343 901 eius
1385 841 1691 903 liberalitas
1732 853 1822 904 tua
1865 845 2137 907 adstruxit

155 928 239 995 ut,
267 920 723 997 quemadmodum
752 924 805 982 in
827 925 999 1002 patris
1024 924 1190 1002 filius,
1213 927 1297 984 sic
1321 927 1375 984 in
1399 925 1710 986 hereditate
1734 928 1828 987 lilii
1854 940 2016 1008 pater
2037 950 2133 992 es-

156 1013 250 1064 set
276 1006 543 1082 inmunis,
576 1025 684 1065 nec
711 1006 912 1066 eodem
946 1018 1224 1068 momento
1258 1026 1370 1086 quo
1400 1020 1561 1087 pater
1592 1029 1724 1071 esse
1751 1010 1994 1073 desisset
2022 1015 2136 1075 hoc

74 1094 142 1147 lo
161 1105 387 1166 qnoque
416 1089 873 1168 amitteret'quod
906 1091 1125 1152 fuisset.
1189 1092 1477 1171 Egregie,
1517 1089 1758 1171 Caesar,
1794 1096 1940 1174 quod
1971 1097 2134 1157 lacri-

155 1189 273 1231 mas
304 1182 592 1249 parentum
619 1174 932 1252 vectigales
965 1194 1097 1236 esse
1126 1194 1237 1236 non
1260 1180 1489 1255 pateris.
1529 1178 1680 1237 Bona
1710 1178 1805 1238 filii
1829 1190 1990 1257 pater
2012 1183 2134 1242 sine

158 1255 531 1316 deminutione
562 1258 886 1336 possideat,-
915 1277 1023 1319 nec
1053 1263 1269 1320 socium
1295 1260 1618 1322 hereditatis
1644 1266 1884 1340 accipiat
1906 1266 2000 1342 qui
2022 1281 2135 1325 non

156 1338 327 1399 habet
358 1338 575 1401 luctus:
607 1360 770 1402 nemo
799 1353 1088 1403 recentem
1117 1355 1174 1405 et
1202 1348 1482 1405 attonitam
1513 1348 1805 1407 orbitatem
1835 1347 1902 1407 ad
1922 1365 2134 1426 conpu-

156 1425 423 1482 tationem
462 1435 633 1488 vocet
684 1435 964 1505 cogatque
1005 1437 1221 1506 patrem
1264 1429 1397 1505 quid
1445 1427 1732 1508 reliquerit
1775 1430 1920 1491 filius
1963 1434 2133 1492 scire.

71 1505 140 1560 15
157 1506 394 1585 Aug-eo,
426 1518 615 1587 patres
642 1512 981 1587 conscripti,
1014 1512 1284 1589 principis
1310 1530 1537 1589 munus,
1571 1532 1693 1572 cum
1731 1514 1968 1574 ostendo
1992 1514 2133 1575 libe-

152 1590 355 1650 ralitati
383 1592 504 1651 eius
536 1595 727 1652 inesse
760 1595 1049 1652 rationem.
1094 1592 1339 1652 Ambitio
1369 1596 1513 1653 enim
1537 1605 1592 1653 et
1622 1598 1876 1656 iactantia
1906 1608 1964 1658 et
1992 1599 2133 1658 effu-

154 1676 244 1734 sio
273 1684 331 1734 et
365 1677 583 1754 quidvis
612 1679 801 1755 potius
831 1694 993 1754 quam
1021 1675 1328 1736 liberalitas
1360 1677 1721 1737 existimanda
1754 1689 1841 1739 est
1872 1683 1960 1739 cui
1991 1684 2132 1741 ratio

151 1774 264 1816 non
287 1769 520 1819 constat.
537 1758 780 1837 Dignum
799 1777 962 1836 erg0,
988 1761 1309 1839 imperator,
1333 1760 1750 1820 mausuetudine
1770 1771 1863 1821 tua
1883 1765 2133 1824 minuere

154 1841 405 1902 orbitatis
448 1844 668 1904 iniurias
709 1862 818 1903 nec
863 1846 976 1921 pati
1011 1842 1496 1924 quemquamfilio
1535 1843 1741 1903 amisso
1771 1847 2003 1921 insuper
2039 1846 2132 1904 ad-

60 1931 137 1983 20
156 1925 247 1984 fici
279 1921 388 1984 alio
417 1925 636 1989 dolore.
693 1926 789 1987 Sic
820 1943 1047 2006 quoque
1075 1926 1292 2003 abunde
1320 1929 1522 1987 misera
1550 1946 1644 1986 res
1675 1938 1796 2004 est,
1827 1938 1988 2007 pater
2016 1929 2131 1989 filio

151 2009 310 2070 solus
333 2009 531 2070 heres:
558 2010 687 2088 quid
707 2014 756 2071 si
781 2011 1118 2071 coheredem
1141 2028 1252 2070 non
1277 2030 1306 2070 a
1328 2006 1442 2069 filio
1465 2008 1743 2089 accipiat?
1770 2010 1935 2070 Adde
1957 2012 2128 2088 quod,

154 2108 282 2152 cum
316 2091 478 2152 divus
503 2093 689 2154 Nerva
722 2088 1001 2156 sanxisset
1029 2103 1089 2154 ut
1125 2095 1182 2153 in
1211 2097 1456 2172 paternis
1487 2094 1646 2154 bonis
1668 2088 1839 2155 ⁴liberi
1876 2096 2132 2155 necessi-

151 2184 266 2236 tate
300 2177 605 2238 vicesimae
635 2177 1023 2259 solverentur,
1077 2195 1397 2256 congruens
1426 2187 1543 2238 erat
1578 2178 1811 2238 eandem
1841 2179 2133 2239 inmunita-

150 2269 266 2320 tem
304 2271 568 2339 parentes
606 2264 663 2322 in
701 2262 1002 2323 liberorum
1031 2263 1194 2323 bonis
1221 2263 1496 2322 obtinere.
1567 2260 1682 2322 Cur
1709 2264 1852 2322 enim
1882 2264 2131 2339 posteris

60 2355 136 2407 25
154 2343 387 2422 amplior
406 2345 585 2405 honor
607 2365 768 2425 quam
790 2348 1089 2408 maioribus
1111 2343 1453 2406 haberetur?
1485 2364 1655 2406 curve
1679 2365 1790 2406 non
1809 2355 1962 2407 retro
1994 2364 2132 2423 quo-

153 2447 261 2506 que
293 2440 610 2491 recurreret
637 2433 887 2509 aequitas
912 2428 1149 2491 eadem?
1191 2429 1273 2489 Tu
1302 2429 1556 2508 quidem,
1593 2428 1833 2506 Caesar,
1862 2430 2012 2489 illam
2036 2449 2133 2490 ex·

153 2514 472 2590 ceptionem
499 2517 786 2576 removisti
816 2518 888 2575 ‘si
917 2516 1083 2575 modo
1117 2514 1260 2575 filius
1293 2517 1346 2573 in
1378 2524 1657 2593 potestate
1681 2516 1852 2592 patris
1883 2514 2130 2592 fuisset',

149 2597 397 2673 intuitus,
430 2601 647 2676 opinor,
677 2601 788 2657 vim
816 2599 1117 2677 legemque
1146 2610 1395 2675 naturae,
1426 2617 1570 2676 quae
1596 2615 1824 2675 semper
1847 2599 1901 2656 in
1925 2597 2133 2657 ditione

149 2691 439 2757 parentum
482 2701 613 2741 esse
658 2682 869 2742 liberos
912 2685 1101 2758 iussit,
1152 2701 1260 2742 nec
1294 2683 1371 2741 uti
1405 2684 1549 2741 inter
1580 2681 1834 2760 pecudes
1863 2683 1947 2741 sic
1987 2683 2136 2741 inter

59 2773 134 2826 30
150 2764 782 2843 hominesffpotestatem
804 2774 863 2825 et
888 2767 1176 2845 imperium
1198 2764 1600 2825 valentioribus
1626 2765 1796 2825 dedit.
1839 2763 1963 2824 Nec
1992 2781 2131 2824 vero
2153 2772 2234 2834 39

148 2854 447 2907 contentus
470 2850 702 2925 primum
729 2852 1079 2925 cognationis
1102 2848 1332 2926 gradum
1356 2848 1659 2908 abstulisse
1679 2850 2006 2924 vicesimae,
2040 2868 2131 2908 se·

148 2931 390 2992 cundum
420 2948 646 3010 quoque
679 2935 916 3009 exemit,
951 2936 1208 3010 cavitque
1239 2941 1299 2991 ut
1326 2933 1381 2988 in
1411 2934 1622 2991 sororis
1649 2932 1811 2992 bonis
1838 2931 2043 3009 frater,
2074 2943 2135 2993 et

147 3024 344 3076 contra
372 3017 425 3073 in
457 3015 640 3076 fratris
671 3033 864 3092 soror,
896 3027 1069 3096 utque
1100 3033 1235 3075 avus
1266 3023 1323 3073 et
1348 3017 1469 3073 avia
1491 3017 1547 3074 in
1567 3018 1752 3094 neptis
1772 3019 2132 3095 nepotisque,

146 3109 209 3159 et
237 3100 479 3158 invicem
503 3098 582 3159 illi
614 3111 970 3161 servarentur
997 3104 1268 3159 inmunes.
1314 3096 1388 3157 Iis
1420 3117 1645 3179 quoque
1676 3100 1876 3177 quibus
1905 3118 2011 3178 per
2030 3099 2133 3161 La-

5 3254 6 3259 *
55 3191 124 3245 35
143 3185 285 3244 tium
316 3185 510 3243 civitas
545 3182 790 3244 Romana
816 3187 1094 3264 patuisset
1123 3182 1271 3242 idem
1298 3178 1557 3258 indulsit,
1592 3183 1960 3260 omnibusque
1988 3187 2136 3244 inter

5 3264 6 3281 ³
142 3287 213 3329 se
248 3269 641 3344 cognationum
685 3271 801 3328 iura
833 3269 1138 3345 commisit,
1184 3265 1346 3326 simul
1388 3277 1444 3325 et
1474 3267 1683 3344 pariter
1713 3274 1769 3325 et
1795 3282 1950 3326 more
1978 3276 2132 3326 natu·

138 3369 281 3426 rae,
327 3370 467 3428 quae
500 3355 720 3430 priores
751 3353 1037 3430 principes
1069 3369 1101 3409 a
1141 3350 1374 3427 singulis
1416 3352 1603 3426 rogari
1633 3350 1985 3428 gestiebant,
2021 3365 2132 3408 non

142 3444 261 3495 tam
305 3436 624 3512 praestandi
663 3439 843 3496 animo
881 3452 1042 3515 quam
1071 3435 1328 3512 negandi.
1395 3434 1486 3494 Ex
1515 3452 1628 3514 quo
1658 3433 1912 3510 intellegi
1942 3440 2134 3512 potest
