2467 3850
379 218 462 283 32
1218 215 1281 281 C.
1328 214 1517 277 PLINI

375 387 647 451 perquam
688 386 990 430 onerosum
1038 386 1310 430 accusare
1354 369 1692 445 damnatum,
1744 385 1910 446 quem
1960 378 2020 429 ut
2060 367 2362 447 premebat

377 456 641 515 atrocitas
674 455 942 529 criminis,
971 454 1047 513 ita
1068 455 1227 532 quasi
1250 463 1516 532 peractae
1542 453 1904 514 damnationis
1925 454 2209 513 miseratio
2233 461 2361 512 tue·

295 544 362 597 14
380 539 555 599 batur.
590 536 905 616 Utcumque
927 547 1113 597 tamen
1132 539 1369 597 animum
1392 539 1899 615 cogitationemque
1925 536 2160 615 collegi,
2186 537 2361 615 coepi

377 623 570 683 dicere
599 640 710 683 non
739 625 951 681 minore
979 621 1316 682 audientium
1343 620 1587 682 adsensu
1609 639 1771 699 quam
1794 620 2172 682 sollicitudine
2200 638 2361 680 mea:

376 707 488 768 dixi
517 706 670 767 horis
697 723 878 784 paene
912 707 1174 784 quinque.
1217 704 1358 765 Nam
1386 705 1682 766 duodecim
1716 703 2032 785 clepsydris
2063 723 2200 784 quas
2229 721 2361 782 spa·
2382 721 2414 772 5

375 792 705 851 tiosissimas
747 807 1082 867 acceperam
1119 798 1249 850 sunt
1292 789 1509 851 additae
1554 798 1830 868 quattuor.
1892 787 2055 849 Adeo
2094 788 2189 847 illa
2233 789 2363 867 ipsa

377 893 520 953 quae
560 875 693 934 dura
725 883 783 933 et
823 873 1060 934 adversa
1098 873 1317 933 dicturo
1349 873 1679 934 videbantur
1718 872 1967 934 secunda
1995 872 2203 932 dicenti
2233 871 2361 932 fue·

293 964 358 1015 15
375 968 517 1018 runt.
559 957 769 1045 Cagsar
797 957 1021 1036 quidem
1044 967 1253 1017 tantum
1282 958 1413 1018 mihi
1440 957 1710 1034 studium,
1743 967 1945 1018 tantam
1975 958 2140 1018 etiam
2168 973 2363 1015 curam

377 1043 628 1118 (nimium
657 1052 746 1101 est
775 1044 922 1100 enim
951 1041 1141 1102 dicere
1165 1040 1631 1119 sollicitudinem)
1667 1043 1976 1121 praestitit,
2006 1051 2065 1101 ut
2094 1039 2363 1100 libertum

373 1144 557 1186 meum
585 1134 718 1202 post
746 1142 834 1184 me
867 1133 1105 1184 stantem
1136 1128 1365 1204 saepius
1393 1125 1718 1186 admoneret
1748 1127 1880 1186 voci
1908 1124 2182 1202 laterique
2215 1140 2358 1184 con·
2379 1137 2442 1189 10

375 1209 642 1285 sulerem,
673 1227 798 1268 cum
825 1227 916 1267 me
944 1207 1334 1271 vehementius
1374 1218 1594 1288 putaret
1632 1208 1841 1270 intendi
1877 1227 2040 1287 quam
2067 1206 2359 1286 gracilitas

374 1311 498 1353 mea
542 1293 768 1371 perpeti
815 1302 1032 1370 posset.
1094 1292 1411 1372 Respondit
1448 1293 1577 1355 mihi
1619 1311 1725 1371 pro
1762 1291 2045 1353 Marciano
2086 1290 2357 1355 Claudius

295 1382 357 1436 16
371 1375 748 1437 Marcellinus.
803 1373 1013 1437 Missus
1042 1376 1245 1437 deinde
1275 1388 1499 1438 senatus
1530 1387 1586 1438 et
1620 1387 1922 1438 revocatus
1951 1380 2007 1437 in
2032 1386 2355 1455 posterum:

372 1478 558 1539 neque
583 1462 727 1520 enim
748 1461 854 1519 iam
880 1460 1129 1520 inchoari
1159 1470 1380 1539 poterat
1406 1464 1575 1537 acti0,
1604 1462 1710 1522 nisi
1739 1471 1798 1521 ut
1825 1462 2006 1521 noctis
2034 1463 2355 1521 interventu

293 1559 357 1613 17
375 1543 744 1605 scinderetur.
786 1542 1022 1604 Postero
1056 1543 1147 1604 die
1181 1545 1317 1604 dixit
1346 1563 1450 1624 pro
1481 1543 1658 1605 Mario
1690 1544 1911 1605 Salvius
1941 1544 2236 1621 Liberalis,
2268 1548 2358 1605 vir
2376 1556 2437 1607 15

375 1628 596 1689 subtilis
645 1627 952 1706 dispositus
1010 1646 1145 1688 acer
1196 1628 1469 1697 disertus;
1531 1631 1588 1688 in
1627 1627 1722 1687 illa
1762 1647 1901 1688 vero
1945 1646 2112 1689 causa
2154 1645 2355 1690 omnes

374 1722 527 1773 artes
567 1730 699 1772 suas
741 1711 991 1790 protulit.
1056 1711 1374 1791 Respondit
1406 1711 1703 1773 Cornelius
1734 1711 1959 1775 Tacitus
2000 1712 2355 1790 eloquentis·

293 1804 359 1857 18
374 1798 513 1857 sime
543 1806 622 1874 et,
653 1795 805 1873 quod
834 1797 1094 1856 eximium
1124 1798 1357 1856 orationi
1386 1797 1509 1858 eius
1536 1798 1706 1874 inest,
1737 1795 2010 1875 σεμνῶς.
2064 1796 2219 1856 Dixit
2247 1815 2354 1876 pro

370 1879 545 1942 Mario
573 1898 768 1941 rursus
790 1878 1000 1941 Fronto
1031 1878 1222 1942 Catius
1244 1883 1556 1960 insigniter,
1591 1890 1763 1959 utque
1792 1883 1898 1941 iam
1926 1881 2088 1942 locus
2120 1880 2218 1942 ille
2247 1899 2354 1961 po-

372 1966 605 2042 scebat,
660 1964 789 2044 plus
829 1967 885 2025 in
926 1966 1196 2044 precibus
1234 1968 1507 2044 temporis
1551 1983 1713 2044 quam
1749 1968 1804 2025 in
1846 1965 2175 2028 defensione
2213 1976 2437 2027 con-20

369 2052 624 2129 sumpsit.
669 2048 845 2110 Huius
877 2051 1158 2110 actionem
1196 2068 1443 2128 vespera
1479 2049 1740 2126 inclusit,
1791 2067 1904 2110 non
1941 2059 2125 2110 tamen
2164 2053 2251 2111 sic
2290 2062 2356 2112 ut

370 2134 751 2212 abrumperet.
788 2132 984 2211 Itaque
1006 2135 1062 2192 in
1092 2134 1316 2193 tertium
1344 2133 1491 2194 diem
1518 2134 1882 2212 probationes
1914 2134 2188 2194 exierunt.
2234 2133 2356 2194 Iam

370 2217 483 2277 hoc
511 2219 693 2295 ipsum
713 2215 1007 2295 pulchrum
1041 2227 1099 2278 et
1126 2219 1430 2296 antiquum,
1467 2227 1718 2279 senatum
1744 2227 1914 2278 nocte
1937 2217 2135 2295 dirimi,
2165 2218 2354 2279 triduo

290 2305 356 2360 19
376 2302 600 2376 vocari,
643 2300 826 2361 triduo
864 2302 1152 2361 contineri.
1197 2299 1477 2362 Cornutus
1507 2300 1822 2378 Tertullus,
1859 2301 2057 2361 consul
2088 2301 2352 2379 designa-

370 2395 495 2461 tus,
536 2386 624 2444 vir
666 2387 935 2462 egregius
965 2395 1024 2446 et
1049 2403 1155 2464 pro
1182 2387 1418 2446 veritate
1456 2386 1835 2462 firmissimus,
1881 2388 2101 2446 censuit
2136 2389 2434 2465 semin-25

369 2479 541 2547 genta
584 2468 732 2540 milia
772 2487 916 2547 quae
955 2477 1258 2549 acceperat
1301 2469 1507 2530 Marius
1550 2471 1764 2529 aerario
1802 2468 2124 2547 inferenda,
2171 2468 2353 2531 Mario

371 2552 511 2613 urbe
549 2551 817 2632 Italiaque
858 2553 1336 2630 interdicendum,
1385 2552 1666 2613 Marciano
1706 2553 1818 2614 boc
1856 2553 2094 2632 amplius
2133 2554 2350 2615 Africa.

370 2637 435 2696 In
464 2637 572 2697 fine
601 2640 914 2699 sententiae
943 2637 1178 2712 adiecit,
1220 2638 1372 2715 quod
1414 2656 1527 2716 ego
1560 2648 1618 2698 et
1650 2635 1876 2698 Tacitus
1905 2640 2151 2698 iniuncta
2177 2638 2353 2699 advo·

373 2723 592 2782 catione
621 2722 924 2800 diligenter
949 2730 1006 2780 et
1037 2720 1258 2781 fortiter
1286 2721 1463 2782 functi
1490 2739 1781 2799 essemus,
1811 2722 2062 2782 arbitrari
2093 2732 2352 2783 senatum

288 2806 447 2866 wita
471 2822 576 2866 uos
604 2805 817 2867 fecisse
845 2815 906 2865 ut
928 2805 1151 2881 dignum
1172 2804 1437 2866 mandatis
1459 2806 1709 2885 partibus
1731 2807 1918 2868 fuerit.
1951 2807 2351 2867 Adsenserunt
2366 2821 2434 2874 30

372 2888 636 2950 consules
660 2889 958 2967 designati,
982 2907 1176 2950 omnes
1199 2891 1365 2950 etiam
1388 2890 1713 2951 consulares
1734 2908 1915 2969 usque
1937 2890 2007 2951 ad
2021 2889 2353 2971 Pompeium

371 2970 696 3050 Collegam:
737 2973 837 3034 ille
883 2982 942 3033 et
979 2976 1338 3051 septingenta
1373 2974 1522 3038 milia
1552 2975 1767 3035 aerario
1796 2974 2089 3036 inferenda
2114 2985 2174 3035 et
2201 2973 2351 3035 Mar·

372 3058 586 3116 cianum
625 3059 682 3118 in
725 3059 1158 3136 quinquennium
1200 3058 1597 3136 relegandum,
1640 3057 1870 3120 Marium
1909 3058 2352 3136 repetundarum

284 3148 350 3200 21
369 3158 609 3220 poenae,
640 3159 802 3220 quam
829 3144 936 3201 iam
963 3159 1166 3221 passus
1197 3152 1386 3220 esset,
1428 3145 1645 3204 censuit
1672 3141 2115 3221 relinquendum.
2170 3141 2352 3203 Erant

367 3226 425 3284 in
455 3235 690 3305 utraque
719 3228 998 3287 sententia
1016 3225 1194 3304 multi,
1224 3227 1472 3290 fortasse
1502 3228 1668 3288 etiam
1694 3224 1887 3305 plures
1916 3228 1972 3286 in
1995 3226 2102 3287 hae
2123 3225 2221 3287 vel
2252 3235 2431 3289 sto-35

365 3309 569 3370 Iutiore
597 3308 694 3369 vel
721 3308 998 3369 molliore.
1051 3308 1191 3369 Nam
1219 3309 1439 3389 quidam
1468 3328 1540 3370 ex
1564 3309 1677 3371 illis
1706 3327 1932 3388 quoque
1965 3312 2059 3388 qui
2092 3306 2349 3371 Cornuto

365 3393 695 3453 videbantur
731 3390 955 3451 adsensi
991 3391 1173 3469 hunc,
1201 3395 1296 3471 qui
1321 3401 1453 3471 post
1478 3396 1636 3471 ipsos
1667 3403 1995 3470 censuerat,
2027 3394 2350 3472 sequeban-

281 3486 350 3537 22
366 3486 472 3536 tur.
518 3473 635 3535 Sed
666 3490 792 3532 cum
812 3473 973 3533 fieret
1002 3474 1301 3551 discessi0,
1326 3477 1420 3554 qui
1442 3475 1601 3539 sellis
1625 3476 1916 3539 consulum
1938 3477 2270 3539 adstiterant
2291 3481 2352 3539 in
