2467 3850
595 172 1113 234 EPISTULARUM
1140 170 1721 237 V1111.s.9.1o.11.
1747 174 2207 238 12.179

209 323 524 387 cunctatio!
561 344 723 405 quam
757 328 877 405 pari
913 326 1055 387 libra
1088 328 1330 404 gravitas
1365 324 1741 405 comitasque!
1783 327 1934 406 quod
1963 326 2204 387 studium

206 408 548 471 litterarum!
593 409 743 488 quod
770 410 1060 470 iudicium!
1102 430 1210 489 qua
1242 413 1454 488 pietate
1487 429 1612 469 cum
1641 409 2009 471 dissimillimo
2041 421 2202 489 patre

205 493 463 554 vivebat!
505 512 665 573 quam
694 512 805 554 non
840 495 1096 554 obstabat
1130 494 1210 554 illi
1243 510 1354 572 quo
1386 496 1564 555 minus
1592 496 1678 551 vir
1708 497 1951 573 optimus
1980 494 2201 555 videre-

207 588 302 639 tur
352 578 503 656 quod
543 587 662 639 erat
706 580 948 656 optimus
991 578 1166 639 filius!
1218 577 1335 637 Sed
1379 578 1510 654 quid
1554 576 1807 638 dolorem
1848 588 1997 637 tuum
2044 579 2202 639 exul-

156 667 189 716 5
213 659 394 722 cero?
437 661 778 740 Quamquam
807 665 890 722 sic
930 664 1124 722 amasti
1165 665 1425 721 iuvenem
1468 671 1528 721 ut
1564 662 1674 720 hoc
1706 664 1895 741 potius
1928 681 2096 741 quam
2132 663 2257 726 de3

208 745 313 807 illo
347 745 502 807 sileri
531 745 706 815 velis;
757 765 788 806 a
832 764 920 806 me
960 749 1327 825 praesertim,
1372 747 1529 804 cuius
1575 746 1992 824 praedicatione
2036 755 2201 827 putas

206 832 377 890 vitam
406 832 526 889 eius
562 832 777 907 ornari,
834 832 1155 890 memoriam
1198 831 1527 909 prorogari,
1576 833 1867 907 ipsamque
1900 829 2049 889 illam
2092 848 2201 908 qua

210 924 301 974 cst
324 924 516 994 raptus
542 923 781 975 aetatem
809 932 983 994 posse
1011 915 1250 974 restitui.
1315 912 1479 972 Vale.

1169 1047 1243 1106 X.

775 1148 827 1199 C.
869 1147 1117 1199 PLINIUS
1155 1146 1384 1196 TACITO
1420 1146 1538 1197 SUO
1577 1146 1630 1200 S.

336 1247 518 1326 Cupio
562 1251 890 1328 praeceptis
930 1252 1039 1310 tuis
1082 1267 1315 1329 parere;
1357 1249 1461 1310 sed
1491 1266 1749 1327 aprorum
1778 1259 1926 1309 tanta
1961 1252 2193 1329 penuria
2219 1266 2246 1316 ι

207 1344 300 1396 est
332 1343 391 1393 ut
421 1331 705 1393 Minervae
744 1343 801 1392 et
828 1333 1073 1408 Dianae,
1124 1352 1263 1411 quas
1298 1335 1382 1393 ais
1412 1337 1622 1413 pariter
1652 1335 1954 1411 colendas,
1985 1352 2194 1395 conve-

205 1421 328 1478 nire
357 1435 469 1478 non
495 1418 699 1495 possit.
761 1415 957 1496 Itaque
994 1416 1283 1476 Minervae
1311 1427 1523 1478 tantum
1554 1418 1908 1478 serviendum
1942 1427 2064 1496 est,
2097 1418 2193 1479 de·
2213 1433 2247 1484 2

122 1517 186 1568 15
206 1501 377 1562 licate
407 1511 624 1578 tamen,
668 1509 726 1559 ut
762 1503 817 1559 in
846 1519 1084 1561 secessu
1113 1511 1171 1561 et
1199 1511 1432 1561 aestate.
1489 1501 1553 1562 In
1584 1504 1673 1562 via
1706 1501 1871 1581 plane
1906 1521 2019 1562 non
2043 1501 2196 1561 nulla

204 1586 420 1645 leviora
452 1586 747 1662 statimque
782 1583 1017 1644 delenda
1049 1603 1114 1644 ea
1157 1584 1484 1661 garrulitate
1527 1604 1634 1664 qua
1675 1604 1967 1647 sermones
2008 1588 2063 1646 in
2096 1605 2197 1646 ve·

203 1668 395 1729 hiculo
449 1678 711 1729 seruntur
754 1668 997 1728 extendi.
1075 1666 1174 1727 His
1228 1667 1499 1745 quaedam
1543 1669 1722 1729 addidi
1762 1672 1817 1729 in
1856 1670 2022 1748 villa,
2068 1688 2197 1729 cum

203 1752 353 1813 aliud
381 1770 491 1812 non
522 1752 743 1812 liberet.
792 1749 987 1829 Itaque
1016 1758 1278 1830 poemata
1310 1754 1627 1829 quiescunt,
1661 1771 1804 1831 quae
1836 1762 1892 1812 tu
1922 1757 2068 1813 inter
2095 1773 2194 1812 ne-

204 1855 363 1897 mora
398 1845 452 1896 et
482 1836 643 1896 lucos
675 1836 1125 1896 commodissime
1149 1836 1347 1913 perfici
1370 1845 1548 1914 putas.
1593 1836 2006 1896 Oratiunculam
2030 1854 2191 1896 unam
2211 1849 2246 1900 3

117 1919 434 1993 20alteram
460 1922 786 1991 retractavi;
839 1938 1167 2000 quamquam
1195 1917 1251 1978 id
1280 1939 1460 1996 genus
1498 1922 1686 2000 operis
1716 1920 2041 1998 inamabile,
2081 1921 2194 1980 ina·

203 2024 465 2066 moenum
504 2007 796 2084 magisque
842 2005 1128 2066 laboribus
1167 2006 1312 2064 ruris
1359 2022 1522 2082 quam
1561 2005 1943 2083 voluptatibus
1986 2004 2191 2064 simile.

202 2089 363 2150 Vale.

124 1104 191 1155 lo

1152 2224 1258 2285 XI.

772 2324 825 2374 C.
859 2323 1107 2375 PLINIUS
1143 2323 1384 2375 GEMINO
1417 2322 1536 2375 SUO
1574 2321 1627 2377 S.

323 2414 637 2501 Epistulam
675 2433 828 2483 tuam
869 2425 1318 2487 iucundissimam
1360 2425 1597 2503 accepi,
1635 2441 1707 2484 eo
1736 2426 2006 2501 maxime,
2042 2423 2193 2501 quod
2212 2440 2242 2491 1

201 2506 413 2584 aliquid
452 2507 520 2567 ad
555 2516 613 2567 te
648 2509 820 2568 scribi
859 2508 1093 2570 volebas
1133 2508 1288 2588 quod
1324 2509 1481 2569 libris
1516 2509 1688 2568 inseri
1716 2519 1936 2587 posset.
2002 2506 2190 2568 Obve-

198 2593 316 2650 niet
346 2592 596 2668 materia‚
627 2591 719 2651 vel
750 2591 894 2651 haec
919 2594 1040 2671 ipsa
1071 2611 1234 2670 quam
1256 2602 1532 2654 monstras
1556 2590 1651 2650 vel
1673 2594 1861 2670 potior
1881 2591 2006 2651 alia.
2052 2591 2193 2650 Sunt

201 2678 350 2734 enim
379 2677 433 2733 in
463 2675 568 2734 hac
597 2674 936 2734 offendicula
964 2677 1259 2737 nonnulla:
1306 2675 1611 2735 circumfer
1639 2673 1861 2748 ocuIOS‚
1900 2684 1960 2734 et
1988 2691 2190 2733 occur-

113 2768 343 2830 30rent.
391 2757 739 2836 Bibliopolas
770 2756 1021 2833 Lugduni
1045 2777 1178 2820 esse
1207 2775 1322 2819 non
1350 2758 1631 2838 putabam,
1656 2775 1724 2817 ac
1746 2765 1896 2815 tanto
1922 2756 2189 2816 libentius
2211 2772 2243 2822 2

201 2862 273 2902 ex
303 2843 506 2902 litteris
536 2843 646 2901 tuis
678 2844 920 2917 cognovi
949 2841 1222 2902 venditari
1244 2842 1473 2902 libellos
1496 2858 1678 2915 meos,
1716 2840 1918 2918 quibus
1942 2857 2189 2918 peregre

199 2944 426 2986 manere
471 2927 700 3001 gratiam
743 2942 904 3002 quam
956 2928 1010 2984 in
1060 2925 1200 2986 urbe
1248 2925 1586 3001 collegerint
1630 2922 1905 2983 delector.
1972 2922 2190 3002 Incipio

200 3014 349 3071 enim
377 3011 512 3070 satis
541 3007 856 3069 absolutum
887 3009 1225 3086 existimare,
1255 3009 1325 3068 de
1350 3026 1461 3086 quo
1483 3016 1632 3068 tanta
1654 3005 1976 3067 diversitate
2002 3010 2190 3084 regio-

198 3113 329 3156 num
360 3095 603 3156 discreta
630 3091 909 3153 homiuum
939 3091 1140 3151 iudicia
1175 3094 1546 3153 consentiunt.
1605 3090 1766 3150 Vale.

113 3190 183 3243 ³5
1127 3226 1254 3286 ΧΠ.

765 3327 819 3381 C.
862 3325 1111 3378 PLINIUS
1143 3326 1381 3377 IUNIORI
1414 3324 1532 3377 SUO
1575 3327 1630 3379 S.

332 3429 649 3510 Castigabat
698 3429 917 3510 quidam
962 3428 1130 3488 filium
1165 3447 1359 3508 suum,
1412 3428 1561 3509 quod
1598 3426 2187 3572 paultligsumptuosius
2213 3437 2237 3486 1

115 2354 185 2406 25
