2467 3850
302 170 423 232 116
693 189 698 196 ²
1138 169 1202 230 C.
1249 168 1443 232 PLINI

298 332 439 383 runt.
481 317 655 382 Erant
687 324 743 381 in
777 322 883 382 hac
912 325 1193 402 paucitate
1221 322 1472 382 nonnulli
1509 338 1743 399 quorum
1787 324 2121 401 temporaria
2155 342 2285 401 gra·

249 409 440 474 evitas
470 406 564 465 vel
593 409 781 485 potius
812 409 1097 483 gravitatis
1120 408 1350 466 imitatio
1380 405 1682 466 ridebatur.
1724 403 1805 464 Tu
1837 416 2020 466 tamen
2051 411 2284 467 aestima

299 500 557 569 quantum
598 507 701 549 nos
749 493 805 549 in
855 492 978 567 ipsa
1022 508 1208 569 pugna
1256 491 1572 550 certaminis
1612 498 1861 565 maneat,
1916 492 2074 551 cuius
2124 495 2285 570 quasi

297 574 583 653 praelusio
613 573 796 652 adque
839 576 1166 653 praecursio
1201 574 1302 635 has
1345 574 1738 634 contentiones
1772 576 2065 635 excitavit.
2120 574 2285 635 Vale.

1198 706 1382 767 XIIII.

823 806 877 860 e.
915 804 1160 858 PLiNms
1191 806 1477 858 MAumco
1517 805 1633 858 suo
1672 806 1731 861 s:

249 925 279 975 1
422 907 705 968 Sollicitas
729 927 819 969 mc
850 911 906 968 in
932 908 1298 969 Formianum.
1340 907 1576 968 Veniam
1604 928 1673 969 ea
1697 909 2018 971 conditione
2043 928 2117 969 ne
2151 909 2287 989 quid

300 1002 493 1052 contra
531 994 878 1052 commodum
899 1003 1052 1052 tuum
1079 993 1283 1061 facias3
1326 1011 1434 1071 qua
1461 996 1725 1072 pactione
1756 997 1994 1055 invicem
2029 994 2161 1054 mihi
2193 1014 2285 1055 ca-

297 1093 427 1136 veo.
464 1075 664 1153 Neque
708 1079 854 1137 enim
881 1095 1031 1137 mare
1069 1087 1126 1136 et
1160 1076 1292 1136 litus
1324 1075 1426 1136 sed
1453 1086 1543 1153 te,
1597 1080 1802 1155 otium,
1838 1077 2155 1138 libertatem
2192 1096 2282 1138 se·
2304 1090 2372 1141 10

246 1175 281 1227 2
299 1177 467 1239 quor:
492 1159 699 1238 alioqui
729 1163 901 1222 satius
926 1162 1091 1220 estin
1115 1161 1255 1220 urbe
1279 1178 1590 1220 remanere.
1656 1159 1896 1240 Oportet
1926 1163 2073 1222 enim
2100 1165 2283 1222 omnia

297 1253 391 1304 aut
414 1244 483 1303 ad
512 1243 750 1304 alienum
773 1246 1054 1305 arbitrium
1085 1254 1177 1304 aut
1206 1243 1274 1303 ad
1297 1262 1457 1303 suum
1483 1244 1708 1305 facere:
1747 1247 1858 1305 mei
1888 1256 2047 1305 certe
2076 1256 2281 1306 stoma·

294 1328 388 1388 chi
419 1327 559 1387 haec
589 1336 781 1388 natura
809 1338 897 1389 est
929 1338 989 1388 ut
1024 1327 1159 1387 nihil
1201 1330 1309 1390 nisi
1346 1337 1523 1387 totum
1551 1338 1609 1389 et
1649 1347 1863 1389 merum
1903 1329 2060 1391 velit.
2116 1329 2277 1388 Vale.

1141 1517 1154 1521 -
1226 1462 1348 1522 XV.

846 1561 901 1618 c,
934 1562 1184 1614 PLINIUS
1216 1562 1485 1613 ROMANO
1526 1563 1646 1614 suo
1688 1562 1738 1613 S.

249 1684 278 1733 1
420 1665 687 1725 Mirificae
717 1667 801 1726 rei
834 1681 945 1724 non
974 1665 1304 1726 interfuisti:
1347 1683 1419 1723 ne
1462 1683 1575 1742 ego
1620 1665 1873 1744 quidem;
1922 1665 2025 1724 scd
2065 1683 2155 1724 me
2192 1684 2282 1725 re·

300 1767 438 1810 cens
475 1749 660 1809 fabula
689 1751 936 1828 excepit.
990 1748 1308 1810 Passennus
1331 1747 1575 1826 Paullus,
1609 1748 1934 1828 splendidus
1959 1767 2136 1827 eques
2169 1747 2283 1807 Ro·

299 1852 490 1893 manus
528 1842 583 1893 et
615 1836 670 1893 in
710 1835 899 1913 primis
935 1832 1217 1911 eruditus,
1267 1833 1464 1894 scribit
1498 1832 1720 1909 elegos.
1786 1831 2138 1892 Gentilicium
2170 1833 2284 1891 hoc

299 1917 408 1980 illi:
436 1929 525 1979 est
549 1920 694 1979 enim
716 1919 1007 1996 municeps
1027 1916 1283 1997 Properti
1307 1916 1487 1997 adque
1518 1919 1682 1977 etiam
1709 1918 1855 1977 inter
1875 1918 2115 1977 maiores
2149 1934 2284 1997 suos
2301 1924 2370 1976 20

248 2019 281 2070 2
298 2003 647 2082 Propertium
670 2012 936 2061 numerat.
968 2000 1023 2060 Is
1050 2020 1174 2061 cum
1195 2004 1485 2079 recitaret,
1509 2003 1584 2061 ita
1607 2002 1798 2079 coepit
1822 1998 2012 2060 dicere
2038 2000 2283 2077 ‘Prisce,

297 2087 503 2146 iubes’.
561 2086 649 2145 Ad
684 2086 793 2145 hoc
819 2083 1118 2144 Iavolenus
1141 2084 1366 2145 Priscus
1401 2085 1621 2163 (aderat
1650 2086 1816 2160 enim,
1848 2093 1906 2143 ut
1936 2083 2128 2143 Paullo
2151 2087 2285 2145 ami-

301 2170 586 2236 cissimus)
622 2175 760 2245 ‘ego
804 2185 945 2228 vero
985 2185 1096 2226 non
1138 2168 1354 2229 iubeo'.
1424 2166 1626 2246 Cogita
1659 2169 1753 2247 qui
1793 2169 1937 2228 risus
1978 2168 2281 2243 hominum,

248 2255 397 2329 3qui
432 2255 562 2312 ioci.
621 2251 724 2310 Est
761 2254 982 2309 omnino
1019 2250 1243 2310 Priscus
1276 2251 1474 2312 dubiae
1517 2253 1796 2327 sanitatis,
1833 2252 2064 2310 interest
2096 2262 2285 2311 tamen

2303 671 2340 723 5

299 2335 535 2411 officiis,
583 2334 876 2393 adhibetur
911 2334 1158 2393 consiliis
1186 2334 1369 2413 adque
1405 2338 1570 2396 etiam
1602 2337 1687 2395 ius
1729 2334 1895 2394 civile
1927 2333 2156 2413 publice
2194 2354 2286 2394 re·
2304 2342 2371 2393 25
2452 2352 2460 2389 τ

300 2418 572 2497 spondet:
623 2435 734 2495 quo
769 2419 945 2493 magis
987 2418 1138 2495 quod
1172 2427 1303 2477 tunc
1344 2419 1481 2479 fecit
1511 2429 1569 2479 et
1606 2418 1900 2481 ridiculum
1944 2428 2002 2478 et
2039 2418 2289 2480 notabile

197 2550 206 2557 .
247 2502 420 2567 4fuit.
476 2500 702 2560 Interim
734 2499 926 2560 Paullo
952 2501 1132 2562 aliena
1171 2502 1427 2562 deliratio
1460 2502 1801 2581 aliquantum
1830 2502 2057 2580 frigoris
2085 2501 2286 2562 attulit.

299 2583 433 2644 Tam
456 2584 700 2645 sollicite
724 2587 1039 2645 recitaturis
1061 2587 1466 2664 providendum
1502 2596 1590 2646 est
1617 2604 1728 2646 non
1752 2586 1936 2681 solum
1957 2595 2018 2646 ut
2040 2588 2150 2647 sint
2179 2589 2290 2665 ipsi

298 2671 413 2730 sani
446 2688 640 2730 verum
675 2672 839 2730 etiam
861 2678 922 2729 ut
954 2687 1121 2730 sanos
1146 2670 1462 2731 adhibeant.
1527 2669 1686 2729 Vale.
1854 2686 1855 2689 ’
1880 2682 1888 2691 ‘

1218 2803 1370 2865 XVI.

856 2903 911 2957 C.
952 2903 1202 2979 PLINIUS
1235 2904 1462 2955 TAol'ro
1496 2903 1615 2955 SUO
1657 2903 1712 2959 S.

248 3014 278 3064 1
421 3003 571 3064 Petis
599 3014 660 3065 ut
688 3006 788 3065 tibi
822 3004 1079 3065 avunculi
1107 3008 1217 3066 mei
1252 3007 1463 3066 exitum
1497 3005 1769 3083 scribam,
1806 3023 1918 3084 quo
1951 3006 2142 3065 verius
2178 3015 2293 3066 tra·

299 3086 436 3146 dere
459 3092 703 3166 posteris
725 3092 933 3167 possiS.
997 3088 1210 3150 Gratias
1234 3108 1374 3167 ago:
1405 3108 1530 3150 nam
1552 3090 1719 3149 video
1742 3092 1907 3150 morti
1935 3091 2079 3164 eius,
2108 3091 2156 3148 si
2192 3109 2291 3149 ce-

2305 2759 2373 2812 30

246 3170 548 3230 2lebretur
576 3182 723 3247 ate,
769 3173 1115 3233 inmortalem
1149 3173 1386 3250 gloriam
1427 3193 1559 3234 esse
1592 3176 1954 3252 propositam.
2017 3172 2293 3244 Quamvis
2311 3182 2375 3234 35
2458 3216 2459 3221 κ

295 3256 444 3313 enim
473 3254 967 3332 pulcherrimarum
993 3255 1152 3315 clade
1184 3266 1474 3333 terrarum,
1500 3267 1559 3317 ut
1594 3255 1814 3335 populi,
1844 3267 1905 3316 ut
1927 3257 2099 3316 urbes
2116 3302 2135 3333 ,
2167 3275 2292 3318 me-

296 3336 551 3397 morabili
587 3355 720 3397 casu
756 3340 911 3416 quasi
946 3356 1175 3416 semper
1213 3341 1462 3399 victurus
1503 3341 1776 3399 occiderit
1790 3360 1819 3417 5
1858 3342 2108 3419 quamvis
2156 3342 2293 3417 ipsc

298 3421 528 3501 plurima
554 3437 727 3499 opera
749 3430 806 3481 et
824 3439 1076 3482 mansura
1101 3421 1439 3492 condiderim
1464 3422 1691 3483 multum
1713 3434 1898 3484 tamen
1920 3426 2295 3502 perpetuitati

2190 1473 2459 1564 ‘15'
