<?xml version="1.0" encoding="UTF-8"?>
<!DOCTYPE html PUBLIC "-//W3C//DTD XHTML 1.0 Transitional//EN"
    "http://www.w3.org/TR/xhtml1/DTD/xhtml1-transitional.dtd">
<html xmlns="http://www.w3.org/1999/xhtml" xml:lang="en" lang="en">
 <head>
  <title>
</title>
<meta http-equiv="Content-Type" content="text/html;charset=utf-8" />
  <meta name='ocr-system' content='tesseract 3.04.00' />
  <meta name='ocr-capabilities' content='ocr_page ocr_carea ocr_par ocr_line ocrx_word'/>
</head>
<body>
  <div class='ocr_page' id='page_1' title='image "./cplinicaecilise00unkngoog_0189.png"; bbox 0 0 2467 3850; ppageno 0'>
   <div class='ocr_carea' id='block_1_1' title="bbox 747 164 2137 231">
    <p class='ocr_par' dir='ltr' id='par_1_1' title="bbox 747 164 2137 231">
     <span class='ocr_line' id='line_1_1' title="bbox 747 164 2137 231; baseline 0.004 -6"><span class='ocrx_word' id='word_1_1' title='bbox 747 164 1261 227; x_wconf 85' lang='lat' dir='ltr'>EPISTULARUM</span> <span class='ocrx_word' id='word_1_2' title='bbox 1286 164 1439 226; x_wconf 88' lang='lat' dir='ltr'>VIII.</span> <span class='ocrx_word' id='word_1_3' title='bbox 1475 175 1526 229; x_wconf 89' lang='grc'><strong>7.</strong></span> <span class='ocrx_word' id='word_1_4' title='bbox 2016 167 2137 231; x_wconf 87' lang='grc'><strong>159</strong></span> 
     </span>
    </p>
   </div>
   <div class='ocr_carea' id='block_1_2' title="bbox 20 317 2224 2572">
    <p class='ocr_par' dir='ltr' id='par_1_2' title="bbox 151 317 2137 649">
     <span class='ocr_line' id='line_1_2' title="bbox 151 317 2136 398; baseline 0.001 -20"><span class='ocrx_word' id='word_1_5' title='bbox 151 337 288 378; x_wconf 90' lang='lat' dir='ltr'><strong>nem</strong></span> <span class='ocrx_word' id='word_1_6' title='bbox 322 319 631 397; x_wconf 79' lang='lat' dir='ltr'><strong>praepositi</strong></span> <span class='ocrx_word' id='word_1_7' title='bbox 660 335 846 378; x_wconf 88' lang='lat' dir='ltr'><strong>rerum</strong></span> <span class='ocrx_word' id='word_1_8' title='bbox 875 319 997 378; x_wconf 87' lang='lat' dir='ltr'><strong>eius</strong></span> <span class='ocrx_word' id='word_1_9' title='bbox 1029 337 1196 379; x_wconf 88' lang='lat' dir='ltr'><strong>curae</strong></span> <span class='ocrx_word' id='word_1_10' title='bbox 1223 326 1494 398; x_wconf 80' lang='lat' dir='ltr'><strong>possent,</strong></span> <span class='ocrx_word' id='word_1_11' title='bbox 1542 329 1600 379; x_wconf 88' lang='lat' dir='ltr'><strong>et</strong></span> <span class='ocrx_word' id='word_1_12' title='bbox 1626 317 1885 380; x_wconf 86' lang='lat' dir='ltr'><strong>Pallantis</strong></span> <span class='ocrx_word' id='word_1_13' title='bbox 1915 330 2136 398; x_wconf 85' lang='lat' dir='ltr'><strong>specta-</strong></span> 
     </span>
     <span class='ocr_line' id='line_1_3' title="bbox 153 402 2137 482; baseline -0.001 -20"><span class='ocrx_word' id='word_1_14' title='bbox 153 405 372 463; x_wconf 86' lang='lat' dir='ltr'><strong>tissima</strong></span> <span class='ocrx_word' id='word_1_15' title='bbox 405 403 545 462; x_wconf 82' lang='lat' dir='ltr'><strong>fides</strong></span> <span class='ocrx_word' id='word_1_16' title='bbox 578 402 758 480; x_wconf 91' lang='lat' dir='ltr'><strong>adque</strong></span> <span class='ocrx_word' id='word_1_17' title='bbox 787 404 1104 462; x_wconf 86' lang='lat' dir='ltr'><strong>innocentia</strong></span> <span class='ocrx_word' id='word_1_18' title='bbox 1134 402 1398 482; x_wconf 90' lang='lat' dir='ltr'><strong>exemplo</strong></span> <span class='ocrx_word' id='word_1_19' title='bbox 1418 419 1732 480; x_wconf 90' lang='lat' dir='ltr'><strong>provocare</strong></span> <span class='ocrx_word' id='word_1_20' title='bbox 1762 403 1999 463; x_wconf 85' lang='lat' dir='ltr'><strong>studium</strong></span> <span class='ocrx_word' id='word_1_21' title='bbox 2027 413 2137 463; x_wconf 89' lang='lat' dir='ltr'><strong>tam</strong></span> 
     </span>
     <span class='ocr_line' id='line_1_4' title="bbox 153 484 2137 565; baseline 0.001 -20"><span class='ocrx_word' id='word_1_22' title='bbox 153 487 436 546; x_wconf 78' lang='lat' dir='ltr'><strong>honestae</strong></span> <span class='ocrx_word' id='word_1_23' title='bbox 461 485 842 545; x_wconf 78' lang='lat' dir='ltr'><strong>aemulationis</strong></span> <span class='ocrx_word' id='word_1_24' title='bbox 861 495 1081 564; x_wconf 89' lang='lat' dir='ltr'><strong>posset,</strong></span> <span class='ocrx_word' id='word_1_25' title='bbox 1112 504 1179 545; x_wconf 87' lang='lat' dir='ltr'><strong>ea</strong></span> <span class='ocrx_word' id='word_1_26' title='bbox 1197 504 1343 563; x_wconf 89' lang='lat' dir='ltr'><strong>quae</strong></span> <span class='ocrx_word' id='word_1_27' title='bbox 1360 485 1431 544; x_wconf 90' lang='lat' dir='ltr'><strong>X.</strong></span> <span class='ocrx_word' id='word_1_28' title='bbox 1457 484 1578 545; x_wconf 89' lang='lat' dir='ltr'><strong>Kal.</strong></span> <span class='ocrx_word' id='word_1_29' title='bbox 1610 486 1960 564; x_wconf 77' lang='lat' dir='ltr'><strong>FebruariaS,</strong></span> <span class='ocrx_word' id='word_1_30' title='bbox 1994 505 2137 565; x_wconf 89' lang='lat' dir='ltr'><strong>quae</strong></span> 
     </span>
     <span class='ocr_line' id='line_1_5' title="bbox 155 568 2137 649; baseline 0.001 -21"><span class='ocrx_word' id='word_1_31' title='bbox 155 573 449 648; x_wconf 86' lang='lat' dir='ltr'><strong>proximae</strong></span> <span class='ocrx_word' id='word_1_32' title='bbox 477 569 748 646; x_wconf 76' lang='lat' dir='ltr'><strong>fuissent,</strong></span> <span class='ocrx_word' id='word_1_33' title='bbox 791 571 846 628; x_wconf 92' lang='lat' dir='ltr'><strong>in</strong></span> <span class='ocrx_word' id='word_1_34' title='bbox 883 568 1224 647; x_wconf 87' lang='lat' dir='ltr'><strong>amplissimo</strong></span> <span class='ocrx_word' id='word_1_35' title='bbox 1260 569 1453 629; x_wconf 87' lang='lat' dir='ltr'><strong>ordine</strong></span> <span class='ocrx_word' id='word_1_36' title='bbox 1484 570 1724 648; x_wconf 87' lang='lat' dir='ltr'><strong>optimus</strong></span> <span class='ocrx_word' id='word_1_37' title='bbox 1752 574 2019 649; x_wconf 88' lang='lat' dir='ltr'><strong>princeps</strong></span> <span class='ocrx_word' id='word_1_38' title='bbox 2048 589 2137 630; x_wconf 92' lang='lat' dir='ltr'><strong>re-</strong></span> 
     </span>
    </p>

    <p class='ocr_par' dir='ltr' id='par_1_3' title="bbox 104 652 2219 1065">
     <span class='ocr_line' id='line_1_6' title="bbox 104 652 2138 731; baseline 0 -18"><span class='ocrx_word' id='word_1_39' title='bbox 104 662 138 712; x_wconf 81' lang='lat'>5</span> <span class='ocrx_word' id='word_1_40' title='bbox 158 656 396 713; x_wconf 86' lang='lat' dir='ltr'><strong>citasset</strong></span> <span class='ocrx_word' id='word_1_41' title='bbox 429 662 769 731; x_wconf 87' lang='lat' dir='ltr'><strong>senatusque</strong></span> <span class='ocrx_word' id='word_1_42' title='bbox 807 652 1061 712; x_wconf 90' lang='lat' dir='ltr'><strong>consulta</strong></span> <span class='ocrx_word' id='word_1_43' title='bbox 1102 653 1172 712; x_wconf 89' lang='lat' dir='ltr'><strong>de</strong></span> <span class='ocrx_word' id='word_1_44' title='bbox 1201 655 1268 713; x_wconf 89' lang='lat' dir='ltr'><strong>iis</strong></span> <span class='ocrx_word' id='word_1_45' title='bbox 1299 652 1470 712; x_wconf 90' lang='lat' dir='ltr'><strong>rebus</strong></span> <span class='ocrx_word' id='word_1_46' title='bbox 1503 654 1650 713; x_wconf 78' lang='lat' dir='ltr'><strong>sacta</strong></span> <span class='ocrx_word' id='word_1_47' title='bbox 1682 656 1739 713; x_wconf 92' lang='lat' dir='ltr'><strong>in</strong></span> <span class='ocrx_word' id='word_1_48' title='bbox 1765 672 1897 713; x_wconf 89' lang='lat' dir='ltr'><strong>aere</strong></span> <span class='ocrx_word' id='word_1_49' title='bbox 1927 654 2138 715; x_wconf 89' lang='lat' dir='ltr'><strong>incide-</strong></span> 
     </span>
     <span class='ocr_line' id='line_1_7' title="bbox 154 736 2219 814; baseline 0.003 -19"><span class='ocrx_word' id='word_1_50' title='bbox 154 746 374 812; x_wconf 79' lang='lat' dir='ltr'><strong>rentur,</strong></span> <span class='ocrx_word' id='word_1_51' title='bbox 410 736 579 814; x_wconf 88' lang='lat' dir='ltr'><strong>idque</strong></span> <span class='ocrx_word' id='word_1_52' title='bbox 607 754 704 796; x_wconf 89' lang='lat' dir='ltr'><strong>aes</strong></span> <span class='ocrx_word' id='word_1_53' title='bbox 734 736 1005 812; x_wconf 87' lang='lat' dir='ltr'><strong>figeretur</strong></span> <span class='ocrx_word' id='word_1_54' title='bbox 1033 736 1103 796; x_wconf 90' lang='lat' dir='ltr'><strong>ad</strong></span> <span class='ocrx_word' id='word_1_55' title='bbox 1130 745 1364 796; x_wconf 86' lang='lat' dir='ltr'><strong>statuam</strong></span> <span class='ocrx_word' id='word_1_56' title='bbox 1387 736 1672 797; x_wconf 83' lang='lat' dir='ltr'><strong>loricatam</strong></span> <span class='ocrx_word' id='word_1_57' title='bbox 1698 736 1805 796; x_wconf 89' lang='lat' dir='ltr'><strong>divi</strong></span> <span class='ocrx_word' id='word_1_58' title='bbox 1828 736 1996 797; x_wconf 88' lang='lat' dir='ltr'><strong>Iulii’.</strong></span> <span class='ocrx_word' id='word_1_59' title='bbox 2036 737 2135 797; x_wconf 83' lang='lat' dir='ltr'><strong>Pa·</strong></span> <span class='ocrx_word' id='word_1_60' title='bbox 2154 746 2219 800; x_wconf 85' lang='lat'><strong>14</strong></span> 
     </span>
     <span class='ocr_line' id='line_1_8' title="bbox 152 819 2137 881; baseline 0.001 -2"><span class='ocrx_word' id='word_1_61' title='bbox 152 839 281 879; x_wconf 91' lang='lat' dir='ltr'><strong>rum</strong></span> <span class='ocrx_word' id='word_1_62' title='bbox 306 822 487 879; x_wconf 90' lang='lat' dir='ltr'><strong>visum</strong></span> <span class='ocrx_word' id='word_1_63' title='bbox 515 829 784 879; x_wconf 84' lang='lat' dir='ltr'><strong>tantorum</strong></span> <span class='ocrx_word' id='word_1_64' title='bbox 818 819 1159 879; x_wconf 85' lang='lat' dir='ltr'><strong>dedecorum</strong></span> <span class='ocrx_word' id='word_1_65' title='bbox 1193 839 1325 880; x_wconf 90' lang='lat' dir='ltr'><strong>esse</strong></span> <span class='ocrx_word' id='word_1_66' title='bbox 1356 822 1562 879; x_wconf 91' lang='lat' dir='ltr'><strong>curiam</strong></span> <span class='ocrx_word' id='word_1_67' title='bbox 1602 830 1833 881; x_wconf 87' lang='lat' dir='ltr'><strong>testem:</strong></span> <span class='ocrx_word' id='word_1_68' title='bbox 1879 821 2137 881; x_wconf 90' lang='lat' dir='ltr'><strong>delectus</strong></span> 
     </span>
     <span class='ocr_line' id='line_1_9' title="bbox 158 902 2139 982; baseline 0 -18"><span class='ocrx_word' id='word_1_69' title='bbox 158 913 250 964; x_wconf 89' lang='lat' dir='ltr'><strong>est</strong></span> <span class='ocrx_word' id='word_1_70' title='bbox 282 902 686 963; x_wconf 89' lang='lat' dir='ltr'><strong>celeberrimus</strong></span> <span class='ocrx_word' id='word_1_71' title='bbox 716 903 910 979; x_wconf 92' lang='lat' dir='ltr'><strong>locus,</strong></span> <span class='ocrx_word' id='word_1_72' title='bbox 940 905 995 961; x_wconf 90' lang='lat' dir='ltr'><strong>in</strong></span> <span class='ocrx_word' id='word_1_73' title='bbox 1028 921 1139 981; x_wconf 94' lang='lat' dir='ltr'><strong>quo</strong></span> <span class='ocrx_word' id='word_1_74' title='bbox 1168 903 1410 980; x_wconf 89' lang='lat' dir='ltr'><strong>legenda</strong></span> <span class='ocrx_word' id='word_1_75' title='bbox 1442 905 1867 982; x_wconf 88' lang='lat' dir='ltr'><strong>praesentibus,</strong></span> <span class='ocrx_word' id='word_1_76' title='bbox 1897 904 2139 981; x_wconf 89' lang='lat' dir='ltr'><strong>legenda</strong></span> 
     </span>
     <span class='ocr_line' id='line_1_10' title="bbox 158 980 2139 1065; baseline 0.001 -20"><span class='ocrx_word' id='word_1_77' title='bbox 158 987 363 1047; x_wconf 87' lang='lat' dir='ltr'><strong>futuris</strong></span> <span class='ocrx_word' id='word_1_78' title='bbox 395 988 784 1065; x_wconf 86' lang='lat' dir='ltr'><strong>proderentur.</strong></span> <span class='ocrx_word' id='word_1_79' title='bbox 841 980 1054 1046; x_wconf 85' lang='lat' dir='ltr'><strong>Placuit</strong></span> <span class='ocrx_word' id='word_1_80' title='bbox 1085 1005 1216 1046; x_wconf 88' lang='lat' dir='ltr'><strong>aere</strong></span> <span class='ocrx_word' id='word_1_81' title='bbox 1252 989 1457 1063; x_wconf 88' lang='lat' dir='ltr'><strong>signari</strong></span> <span class='ocrx_word' id='word_1_82' title='bbox 1487 1004 1679 1047; x_wconf 88' lang='lat' dir='ltr'><strong>omnes</strong></span> <span class='ocrx_word' id='word_1_83' title='bbox 1709 988 1954 1048; x_wconf 88' lang='lat' dir='ltr'><strong>honores</strong></span> <span class='ocrx_word' id='word_1_84' title='bbox 1985 989 2139 1048; x_wconf 79' lang='lat' dir='ltr'><strong>sasti-</strong></span> 
     </span>
    </p>

    <p class='ocr_par' dir='ltr' id='par_1_4' title="bbox 77 1071 2222 1483">
     <span class='ocr_line' id='line_1_11' title="bbox 77 1071 2139 1150; baseline 0.001 -20"><span class='ocrx_word' id='word_1_85' title='bbox 77 1084 142 1136; x_wconf 87' lang='lat'><strong>10</strong></span> <span class='ocrx_word' id='word_1_86' title='bbox 160 1071 463 1132; x_wconf 88' lang='lat' dir='ltr'><strong>diosissimi</strong></span> <span class='ocrx_word' id='word_1_87' title='bbox 487 1073 766 1148; x_wconf 86' lang='lat' dir='ltr'><strong>mancipii,</strong></span> <span class='ocrx_word' id='word_1_88' title='bbox 799 1088 1058 1149; x_wconf 90' lang='lat' dir='ltr'><strong>quosque</strong></span> <span class='ocrx_word' id='word_1_89' title='bbox 1086 1071 1441 1150; x_wconf 87' lang='lat' dir='ltr'><strong>repudiasset</strong></span> <span class='ocrx_word' id='word_1_90' title='bbox 1472 1088 1750 1150; x_wconf 88' lang='lat' dir='ltr'><strong>quosque,</strong></span> <span class='ocrx_word' id='word_1_91' title='bbox 1784 1081 2044 1150; x_wconf 90' lang='lat' dir='ltr'><strong>quantum</strong></span> <span class='ocrx_word' id='word_1_92' title='bbox 2071 1072 2139 1132; x_wconf 89' lang='lat' dir='ltr'><strong>ad</strong></span> 
     </span>
     <span class='ocr_line' id='line_1_12' title="bbox 160 1152 2139 1235; baseline 0 -21"><span class='ocrx_word' id='word_1_93' title='bbox 160 1155 523 1214; x_wconf 87' lang='lat' dir='ltr'><strong>decernentis</strong></span> <span class='ocrx_word' id='word_1_94' title='bbox 554 1157 818 1232; x_wconf 78' lang='lat' dir='ltr'><strong>pertinet,</strong></span> <span class='ocrx_word' id='word_1_95' title='bbox 851 1157 1148 1231; x_wconf 85' lang='lat' dir='ltr'><strong>gessisset.</strong></span> <span class='ocrx_word' id='word_1_96' title='bbox 1201 1152 1386 1214; x_wconf 90' lang='lat' dir='ltr'><strong>Incisa</strong></span> <span class='ocrx_word' id='word_1_97' title='bbox 1414 1164 1472 1213; x_wconf 88' lang='lat' dir='ltr'><strong>et</strong></span> <span class='ocrx_word' id='word_1_98' title='bbox 1497 1154 1774 1234; x_wconf 87' lang='lat' dir='ltr'><strong>insculpta</strong></span> <span class='ocrx_word' id='word_1_99' title='bbox 1802 1165 1928 1216; x_wconf 89' lang='lat' dir='ltr'><strong>sunt</strong></span> <span class='ocrx_word' id='word_1_100' title='bbox 1958 1154 2139 1235; x_wconf 89' lang='lat' dir='ltr'><strong>publi-</strong></span> 
     </span>
     <span class='ocr_line' id='line_1_13' title="bbox 163 1238 2138 1317; baseline 0 -20"><span class='ocrx_word' id='word_1_101' title='bbox 163 1240 248 1297; x_wconf 91' lang='lat' dir='ltr'><strong>cis</strong></span> <span class='ocrx_word' id='word_1_102' title='bbox 278 1240 633 1315; x_wconf 85' lang='lat' dir='ltr'><strong>aetemisque</strong></span> <span class='ocrx_word' id='word_1_103' title='bbox 664 1240 1032 1297; x_wconf 88' lang='lat' dir='ltr'><strong>monumentis</strong></span> <span class='ocrx_word' id='word_1_104' title='bbox 1066 1240 1345 1317; x_wconf 87' lang='lat' dir='ltr'><strong>praetoria</strong></span> <span class='ocrx_word' id='word_1_105' title='bbox 1374 1248 1691 1298; x_wconf 89' lang='lat' dir='ltr'><strong>ornamenta</strong></span> <span class='ocrx_word' id='word_1_106' title='bbox 1721 1238 2015 1314; x_wconf 76' lang='lat' dir='ltr'><strong>PallantiS,</strong></span> <span class='ocrx_word' id='word_1_107' title='bbox 2054 1242 2138 1299; x_wconf 90' lang='lat' dir='ltr'><strong>sic</strong></span> 
     </span>
     <span class='ocr_line' id='line_1_14' title="bbox 161 1321 2222 1402; baseline 0.002 -23"><span class='ocrx_word' id='word_1_108' title='bbox 161 1323 324 1399; x_wconf 88' lang='lat' dir='ltr'><strong>quasi</strong></span> <span class='ocrx_word' id='word_1_109' title='bbox 352 1321 586 1380; x_wconf 76' lang='lat' dir='ltr'><strong>foedera</strong></span> <span class='ocrx_word' id='word_1_110' title='bbox 616 1324 855 1398; x_wconf 90' lang='lat' dir='ltr'><strong>antiqua,</strong></span> <span class='ocrx_word' id='word_1_111' title='bbox 886 1324 969 1381; x_wconf 90' lang='lat' dir='ltr'><strong>sic</strong></span> <span class='ocrx_word' id='word_1_112' title='bbox 1000 1323 1157 1399; x_wconf 87' lang='lat' dir='ltr'><strong>quasi</strong></span> <span class='ocrx_word' id='word_1_113' title='bbox 1187 1328 1383 1380; x_wconf 84' lang='lat' dir='ltr'><strong>sacrae</strong></span> <span class='ocrx_word' id='word_1_114' title='bbox 1414 1321 1595 1399; x_wconf 87' lang='lat' dir='ltr'><strong>leges.</strong></span> <span class='ocrx_word' id='word_1_115' title='bbox 1640 1321 1810 1382; x_wconf 90' lang='lat' dir='ltr'><strong>Tanta</strong></span> <span class='ocrx_word' id='word_1_116' title='bbox 1845 1325 2135 1402; x_wconf 75' lang='lat' dir='ltr'><strong>principie,</strong></span> <span class='ocrx_word' id='word_1_117' title='bbox 2158 1339 2222 1390; x_wconf 81' lang='lat'><strong>15</strong></span> 
     </span>
     <span class='ocr_line' id='line_1_15' title="bbox 161 1404 2134 1483; baseline 0.001 -19"><span class='ocrx_word' id='word_1_118' title='bbox 161 1415 312 1464; x_wconf 87' lang='lat' dir='ltr'><strong>tanta</strong></span> <span class='ocrx_word' id='word_1_119' title='bbox 355 1414 618 1481; x_wconf 85' lang='lat' dir='ltr'><strong>senatus,</strong></span> <span class='ocrx_word' id='word_1_120' title='bbox 669 1414 817 1465; x_wconf 89' lang='lat' dir='ltr'><strong>tanta</strong></span> <span class='ocrx_word' id='word_1_121' title='bbox 857 1404 1117 1464; x_wconf 88' lang='lat' dir='ltr'><strong>Pallantis</strong></span> <span class='ocrx_word' id='word_1_122' title='bbox 1162 1407 1339 1483; x_wconf 87' lang='lat' dir='ltr'><strong>ipsius</strong></span> <span class='ocrx_word' id='word_1_123' title='bbox 1399 1441 1463 1450; x_wconf 94' lang='lat'>—</span> <span class='ocrx_word' id='word_1_124' title='bbox 1517 1405 1647 1483; x_wconf 88' lang='lat' dir='ltr'><strong>quid</strong></span> <span class='ocrx_word' id='word_1_125' title='bbox 1689 1407 1868 1467; x_wconf 90' lang='lat' dir='ltr'><strong>dicam</strong></span> <span class='ocrx_word' id='word_1_126' title='bbox 1914 1409 2134 1482; x_wconf 89' lang='lat' dir='ltr'><strong>nesci0,</strong></span> 
     </span>
    </p>

    <p class='ocr_par' dir='ltr' id='par_1_5' title="bbox 20 1487 2224 1901">
     <span class='ocr_line' id='line_1_16' title="bbox 20 1487 2137 1568; baseline 0.001 -22"><span class='ocrx_word' id='word_1_127' title='bbox 20 1504 21 1509; x_wconf 51' lang='lat'>¹</span> <span class='ocrx_word' id='word_1_128' title='bbox 81 1496 144 1547; x_wconf 83' lang='lat'><strong>15</strong></span> <span class='ocrx_word' id='word_1_129' title='bbox 163 1491 324 1568; x_wconf 90' lang='lat' dir='ltr'><strong>quasi</strong></span> <span class='ocrx_word' id='word_1_130' title='bbox 346 1488 561 1548; x_wconf 89' lang='lat' dir='ltr'><strong>vellent</strong></span> <span class='ocrx_word' id='word_1_131' title='bbox 602 1491 656 1547; x_wconf 90' lang='lat' dir='ltr'><strong>in</strong></span> <span class='ocrx_word' id='word_1_132' title='bbox 686 1488 866 1548; x_wconf 90' lang='lat' dir='ltr'><strong>oculis</strong></span> <span class='ocrx_word' id='word_1_133' title='bbox 899 1492 1140 1547; x_wconf 88' lang='lat' dir='ltr'><strong>omnium</strong></span> <span class='ocrx_word' id='word_1_134' title='bbox 1183 1490 1310 1565; x_wconf 87' lang='lat' dir='ltr'><strong>figi,</strong></span> <span class='ocrx_word' id='word_1_135' title='bbox 1356 1487 1535 1549; x_wconf 91' lang='lat' dir='ltr'><strong>Pallas</strong></span> <span class='ocrx_word' id='word_1_136' title='bbox 1575 1488 1926 1550; x_wconf 90' lang='lat' dir='ltr'><strong>insolentiam</strong></span> <span class='ocrx_word' id='word_1_137' title='bbox 1962 1509 2137 1567; x_wconf 85' lang='lat' dir='ltr'><strong>suam,</strong></span> 
     </span>
     <span class='ocr_line' id='line_1_17' title="bbox 160 1570 2141 1651; baseline 0.001 -21"><span class='ocrx_word' id='word_1_138' title='bbox 160 1574 481 1651; x_wconf 89' lang='lat' dir='ltr'><strong>patientiam</strong></span> <span class='ocrx_word' id='word_1_139' title='bbox 515 1570 757 1649; x_wconf 87' lang='lat' dir='ltr'><strong>Caesar,</strong></span> <span class='ocrx_word' id='word_1_140' title='bbox 798 1571 1159 1632; x_wconf 86' lang='lat' dir='ltr'><strong>humilitatem</strong></span> <span class='ocrx_word' id='word_1_141' title='bbox 1187 1582 1434 1632; x_wconf 89' lang='lat' dir='ltr'><strong>senatus.</strong></span> <span class='ocrx_word' id='word_1_142' title='bbox 1493 1571 1617 1632; x_wconf 89' lang='lat' dir='ltr'><strong>Nec</strong></span> <span class='ocrx_word' id='word_1_143' title='bbox 1648 1574 1841 1650; x_wconf 86' lang='lat' dir='ltr'><strong>puduit</strong></span> <span class='ocrx_word' id='word_1_144' title='bbox 1869 1577 2141 1634; x_wconf 89' lang='lat' dir='ltr'><strong>rationem</strong></span> 
     </span>
     <span class='ocr_line' id='line_1_18' title="bbox 160 1655 2140 1735; baseline 0.002 -21"><span class='ocrx_word' id='word_1_145' title='bbox 160 1656 486 1734; x_wconf 86' lang='lat' dir='ltr'><strong>turpitudini</strong></span> <span class='ocrx_word' id='word_1_146' title='bbox 533 1655 878 1730; x_wconf 86' lang='lat' dir='ltr'><strong>obtendere,</strong></span> <span class='ocrx_word' id='word_1_147' title='bbox 937 1657 1226 1731; x_wconf 86' lang='lat' dir='ltr'><strong>egregiam</strong></span> <span class='ocrx_word' id='word_1_148' title='bbox 1272 1655 1494 1732; x_wconf 89' lang='lat' dir='ltr'><strong>quidem</strong></span> <span class='ocrx_word' id='word_1_149' title='bbox 1536 1656 1934 1735; x_wconf 87' lang='lat' dir='ltr'><strong>pulchramque</strong></span> <span class='ocrx_word' id='word_1_150' title='bbox 1974 1660 2140 1718; x_wconf 89' lang='lat' dir='ltr'><strong>ratio-</strong></span> 
     </span>
     <span class='ocr_line' id='line_1_19' title="bbox 159 1737 2139 1818; baseline 0.001 -20"><span class='ocrx_word' id='word_1_151' title='bbox 159 1758 324 1816; x_wconf 88' lang='lat' dir='ltr'><strong>nem,</strong></span> <span class='ocrx_word' id='word_1_152' title='bbox 356 1749 416 1799; x_wconf 91' lang='lat' dir='ltr'><strong>ut</strong></span> <span class='ocrx_word' id='word_1_153' title='bbox 457 1738 718 1818; x_wconf 85' lang='lat' dir='ltr'><strong>exemplo</strong></span> <span class='ocrx_word' id='word_1_154' title='bbox 758 1737 1019 1798; x_wconf 90' lang='lat' dir='ltr'><strong>Pallantis</strong></span> <span class='ocrx_word' id='word_1_155' title='bbox 1051 1739 1420 1814; x_wconf 89' lang='lat' dir='ltr'><strong>praemiorum</strong></span> <span class='ocrx_word' id='word_1_156' title='bbox 1453 1739 1521 1798; x_wconf 89' lang='lat' dir='ltr'><strong>ad</strong></span> <span class='ocrx_word' id='word_1_157' title='bbox 1555 1739 1794 1799; x_wconf 90' lang='lat' dir='ltr'><strong>studium</strong></span> <span class='ocrx_word' id='word_1_158' title='bbox 1822 1741 2139 1800; x_wconf 86' lang='lat' dir='ltr'><strong>aemulatio-</strong></span> 
     </span>
     <span class='ocr_line' id='line_1_20' title="bbox 163 1820 2224 1901; baseline -0.001 -18"><span class='ocrx_word' id='word_1_159' title='bbox 163 1826 250 1883; x_wconf 91' lang='lat' dir='ltr'><strong>nis</strong></span> <span class='ocrx_word' id='word_1_160' title='bbox 301 1825 478 1883; x_wconf 90' lang='lat' dir='ltr'><strong>ceteri</strong></span> <span class='ocrx_word' id='word_1_161' title='bbox 517 1832 982 1901; x_wconf 84' lang='lat' dir='ltr'><strong>provocarentur.</strong></span> <span class='ocrx_word' id='word_1_162' title='bbox 1052 1820 1137 1880; x_wconf 88' lang='lat' dir='ltr'><strong>Ea</strong></span> <span class='ocrx_word' id='word_1_163' title='bbox 1179 1821 1453 1880; x_wconf 90' lang='lat' dir='ltr'><strong>honorum</strong></span> <span class='ocrx_word' id='word_1_164' title='bbox 1491 1822 1674 1882; x_wconf 90' lang='lat' dir='ltr'><strong>vilitas</strong></span> <span class='ocrx_word' id='word_1_165' title='bbox 1722 1833 1873 1901; x_wconf 90' lang='lat' dir='ltr'><strong>erat,</strong></span> <span class='ocrx_word' id='word_1_166' title='bbox 1918 1823 2141 1883; x_wconf 91' lang='lat' dir='ltr'><strong>illorum</strong></span> <span class='ocrx_word' id='word_1_167' title='bbox 2160 1843 2224 1895; x_wconf 76' lang='lat'><strong>15</strong></span> 
     </span>
    </p>

    <p class='ocr_par' dir='ltr' id='par_1_6' title="bbox 79 1903 2224 2321">
     <span class='ocr_line' id='line_1_21' title="bbox 79 1903 2139 1986; baseline -0 -19"><span class='ocrx_word' id='word_1_168' title='bbox 79 1908 329 1968; x_wconf 76' lang='lat' dir='ltr'><strong>‘zoetiam</strong></span> <span class='ocrx_word' id='word_1_169' title='bbox 362 1926 504 1986; x_wconf 87' lang='lat' dir='ltr'><strong>quos</strong></span> <span class='ocrx_word' id='word_1_170' title='bbox 533 1906 713 1968; x_wconf 88' lang='lat' dir='ltr'><strong>Pallas</strong></span> <span class='ocrx_word' id='word_1_171' title='bbox 753 1925 864 1967; x_wconf 90' lang='lat' dir='ltr'><strong>non</strong></span> <span class='ocrx_word' id='word_1_172' title='bbox 895 1904 1313 1982; x_wconf 87' lang='lat' dir='ltr'><strong>dedignabatur.</strong></span> <span class='ocrx_word' id='word_1_173' title='bbox 1374 1903 1803 1966; x_wconf 85' lang='lat' dir='ltr'><strong>Inveniebantur</strong></span> <span class='ocrx_word' id='word_1_174' title='bbox 1828 1918 2011 1968; x_wconf 89' lang='lat' dir='ltr'><strong>tamen</strong></span> <span class='ocrx_word' id='word_1_175' title='bbox 2039 1906 2139 1966; x_wconf 92' lang='lat' dir='ltr'><strong>ho-</strong></span> 
     </span>
     <span class='ocr_line' id='line_1_22' title="bbox 161 1990 2138 2070; baseline -0.001 -19"><span class='ocrx_word' id='word_1_176' title='bbox 161 2002 329 2051; x_wconf 91' lang='lat' dir='ltr'><strong>nesto</strong></span> <span class='ocrx_word' id='word_1_177' title='bbox 368 1990 500 2051; x_wconf 93' lang='lat' dir='ltr'><strong>loco</strong></span> <span class='ocrx_word' id='word_1_178' title='bbox 541 1994 651 2051; x_wconf 92' lang='lat' dir='ltr'><strong>nati</strong></span> <span class='ocrx_word' id='word_1_179' title='bbox 693 1994 787 2070; x_wconf 90' lang='lat' dir='ltr'><strong>qui</strong></span> <span class='ocrx_word' id='word_1_180' title='bbox 831 1999 1091 2070; x_wconf 90' lang='lat' dir='ltr'><strong>peterent</strong></span> <span class='ocrx_word' id='word_1_181' title='bbox 1137 1999 1520 2069; x_wconf 88' lang='lat' dir='ltr'><strong>cuperentque</strong></span> <span class='ocrx_word' id='word_1_182' title='bbox 1565 1992 1715 2070; x_wconf 92' lang='lat' dir='ltr'><strong>quod</strong></span> <span class='ocrx_word' id='word_1_183' title='bbox 1756 1991 1869 2050; x_wconf 90' lang='lat' dir='ltr'><strong>dari</strong></span> <span class='ocrx_word' id='word_1_184' title='bbox 1910 1992 2138 2066; x_wconf 87' lang='lat' dir='ltr'><strong>liberto,</strong></span> 
     </span>
     <span class='ocr_line' id='line_1_23' title="bbox 161 2073 2224 2155; baseline 0 -22"><span class='ocrx_word' id='word_1_185' title='bbox 161 2077 412 2155; x_wconf 87' lang='lat' dir='ltr'><strong>promitti</strong></span> <span class='ocrx_word' id='word_1_186' title='bbox 443 2078 623 2135; x_wconf 88' lang='lat' dir='ltr'><strong>servis</strong></span> <span class='ocrx_word' id='word_1_187' title='bbox 647 2075 930 2134; x_wconf 88' lang='lat' dir='ltr'><strong>videbant.</strong></span> <span class='ocrx_word' id='word_1_188' title='bbox 974 2073 1151 2145; x_wconf 86' lang='lat' dir='ltr'><strong>Quam</strong></span> <span class='ocrx_word' id='word_1_189' title='bbox 1178 2075 1329 2132; x_wconf 90' lang='lat' dir='ltr'><strong>iuvat</strong></span> <span class='ocrx_word' id='word_1_190' title='bbox 1358 2075 1508 2152; x_wconf 89' lang='lat' dir='ltr'><strong>quod</strong></span> <span class='ocrx_word' id='word_1_191' title='bbox 1535 2077 1590 2134; x_wconf 88' lang='lat' dir='ltr'><strong>in</strong></span> <span class='ocrx_word' id='word_1_192' title='bbox 1619 2085 1871 2153; x_wconf 91' lang='lat' dir='ltr'><strong>tempora</strong></span> <span class='ocrx_word' id='word_1_193' title='bbox 1901 2075 1996 2134; x_wconf 87' lang='lat' dir='ltr'><strong>illa</strong></span> <span class='ocrx_word' id='word_1_194' title='bbox 2024 2092 2135 2133; x_wconf 94' lang='lat' dir='ltr'><strong>non</strong></span> <span class='ocrx_word' id='word_1_195' title='bbox 2160 2090 2224 2144; x_wconf 83' lang='lat'><strong>17</strong></span> 
     </span>
     <span class='ocr_line' id='line_1_24' title="bbox 162 2157 2137 2239; baseline -0.001 -21"><span class='ocrx_word' id='word_1_196' title='bbox 162 2159 366 2235; x_wconf 89' lang='lat' dir='ltr'><strong>incidi,</strong></span> <span class='ocrx_word' id='word_1_197' title='bbox 409 2177 645 2237; x_wconf 93' lang='lat' dir='ltr'><strong>quorum</strong></span> <span class='ocrx_word' id='word_1_198' title='bbox 674 2161 759 2219; x_wconf 89' lang='lat' dir='ltr'><strong>sic</strong></span> <span class='ocrx_word' id='word_1_199' title='bbox 786 2177 875 2217; x_wconf 90' lang='lat' dir='ltr'><strong>me</strong></span> <span class='ocrx_word' id='word_1_200' title='bbox 911 2168 1182 2236; x_wconf 89' lang='lat' dir='ltr'><strong>tamquam</strong></span> <span class='ocrx_word' id='word_1_201' title='bbox 1214 2157 1326 2223; x_wconf 85' lang='lat' dir='ltr'><strong>illis</strong></span> <span class='ocrx_word' id='word_1_202' title='bbox 1364 2160 1594 2219; x_wconf 84' lang='lat' dir='ltr'><strong>vixerim</strong></span> <span class='ocrx_word' id='word_1_203' title='bbox 1638 2159 1838 2239; x_wconf 82' lang='lat' dir='ltr'><strong>pudet!</strong></span> <span class='ocrx_word' id='word_1_204' title='bbox 1881 2158 2008 2219; x_wconf 90' lang='lat' dir='ltr'><strong>Non</strong></span> <span class='ocrx_word' id='word_1_205' title='bbox 2039 2158 2137 2217; x_wconf 89' lang='lat' dir='ltr'><strong>du-</strong></span> 
     </span>
     <span class='ocr_line' id='line_1_25' title="bbox 165 2241 2139 2321; baseline -0.001 -18"><span class='ocrx_word' id='word_1_206' title='bbox 165 2243 283 2303; x_wconf 90' lang='lat' dir='ltr'><strong>bito</strong></span> <span class='ocrx_word' id='word_1_207' title='bbox 318 2241 571 2302; x_wconf 89' lang='lat' dir='ltr'><strong>similiter</strong></span> <span class='ocrx_word' id='word_1_208' title='bbox 603 2242 765 2302; x_wconf 83' lang='lat' dir='ltr'><strong>adfici</strong></span> <span class='ocrx_word' id='word_1_209' title='bbox 793 2252 868 2303; x_wconf 89' lang='lat' dir='ltr'><strong>te.</strong></span> <span class='ocrx_word' id='word_1_210' title='bbox 935 2242 1067 2301; x_wconf 91' lang='lat' dir='ltr'><strong>Scio</strong></span> <span class='ocrx_word' id='word_1_211' title='bbox 1109 2260 1272 2319; x_wconf 87' lang='lat' dir='ltr'><strong>quam</strong></span> <span class='ocrx_word' id='word_1_212' title='bbox 1313 2244 1383 2314; x_wconf 86' lang='lat' dir='ltr'><strong>sit</strong></span> <span class='ocrx_word' id='word_1_213' title='bbox 1425 2244 1524 2303; x_wconf 87' lang='lat' dir='ltr'><strong>tibi</strong></span> <span class='ocrx_word' id='word_1_214' title='bbox 1564 2246 1725 2303; x_wconf 88' lang='lat' dir='ltr'><strong>vivus</strong></span> <span class='ocrx_word' id='word_1_215' title='bbox 1768 2253 1825 2303; x_wconf 92' lang='lat' dir='ltr'><strong>et</strong></span> <span class='ocrx_word' id='word_1_216' title='bbox 1865 2246 2139 2321; x_wconf 90' lang='lat' dir='ltr'><strong>ingenuus</strong></span> 
     </span>
    </p>

    <p class='ocr_par' dir='ltr' id='par_1_7' title="bbox 20 2323 2140 2572">
     <span class='ocr_line' id='line_1_26' title="bbox 20 2323 2140 2408; baseline -0.001 -21"><span class='ocrx_word' id='word_1_217' title='bbox 20 2323 21 2332; x_wconf 70' lang='grc'>’</span> <span class='ocrx_word' id='word_1_218' title='bbox 82 2335 146 2389; x_wconf 85' lang='lat'><strong>25</strong></span> <span class='ocrx_word' id='word_1_219' title='bbox 160 2329 405 2396; x_wconf 90' lang='lat' dir='ltr'><strong>animus;</strong></span> <span class='ocrx_word' id='word_1_220' title='bbox 441 2326 571 2386; x_wconf 91' lang='lat' dir='ltr'><strong>ideo</strong></span> <span class='ocrx_word' id='word_1_221' title='bbox 602 2327 820 2387; x_wconf 76' lang='lat' dir='ltr'><strong>facilius</strong></span> <span class='ocrx_word' id='word_1_222' title='bbox 849 2334 936 2386; x_wconf 89' lang='lat' dir='ltr'><strong>est</strong></span> <span class='ocrx_word' id='word_1_223' title='bbox 966 2334 1025 2384; x_wconf 91' lang='lat' dir='ltr'><strong>ut</strong></span> <span class='ocrx_word' id='word_1_224' title='bbox 1054 2343 1142 2384; x_wconf 91' lang='lat' dir='ltr'><strong>me</strong></span> <span class='ocrx_word' id='word_1_225' title='bbox 1161 2370 1177 2402; x_wconf 93' lang='lat'><strong>,</strong></span> <span class='ocrx_word' id='word_1_226' title='bbox 1210 2344 1536 2405; x_wconf 89' lang='lat' dir='ltr'><strong>quamquam</strong></span> <span class='ocrx_word' id='word_1_227' title='bbox 1567 2329 1998 2408; x_wconf 88' lang='lat' dir='ltr'><strong>indignationem</strong></span> <span class='ocrx_word' id='word_1_228' title='bbox 2022 2329 2140 2405; x_wconf 91' lang='lat' dir='ltr'><strong>qui-</strong></span> 
     </span>
     <span class='ocr_line' id='line_1_27' title="bbox 165 2409 2139 2489; baseline 0.001 -20"><span class='ocrx_word' id='word_1_229' title='bbox 165 2409 396 2470; x_wconf 88' lang='lat' dir='ltr'><strong>busdam</strong></span> <span class='ocrx_word' id='word_1_230' title='bbox 422 2413 478 2468; x_wconf 88' lang='lat' dir='ltr'><strong>in</strong></span> <span class='ocrx_word' id='word_1_231' title='bbox 510 2410 653 2469; x_wconf 88' lang='lat' dir='ltr'><strong>locis</strong></span> <span class='ocrx_word' id='word_1_232' title='bbox 683 2411 924 2470; x_wconf 78' lang='lat' dir='ltr'><strong>sortasse</strong></span> <span class='ocrx_word' id='word_1_233' title='bbox 957 2409 1098 2469; x_wconf 90' lang='lat' dir='ltr'><strong>ultra</strong></span> <span class='ocrx_word' id='word_1_234' title='bbox 1128 2409 1406 2488; x_wconf 88' lang='lat' dir='ltr'><strong>epistulae</strong></span> <span class='ocrx_word' id='word_1_235' title='bbox 1437 2412 1659 2472; x_wconf 89' lang='lat' dir='ltr'><strong>modum</strong></span> <span class='ocrx_word' id='word_1_236' title='bbox 1689 2413 2014 2489; x_wconf 85' lang='lat' dir='ltr'><strong>extulerim,</strong></span> <span class='ocrx_word' id='word_1_237' title='bbox 2046 2429 2139 2489; x_wconf 89' lang='lat' dir='ltr'><strong>pa-</strong></span> 
     </span>
     <span class='ocr_line' id='line_1_28' title="bbox 162 2491 1718 2572; baseline 0 -19"><span class='ocrx_word' id='word_1_238' title='bbox 162 2512 284 2553; x_wconf 88' lang='lat' dir='ltr'><strong>rum</strong></span> <span class='ocrx_word' id='word_1_239' title='bbox 314 2493 564 2553; x_wconf 87' lang='lat' dir='ltr'><strong>doluisse</strong></span> <span class='ocrx_word' id='word_1_240' title='bbox 597 2512 761 2572; x_wconf 90' lang='lat' dir='ltr'><strong>quam</strong></span> <span class='ocrx_word' id='word_1_241' title='bbox 787 2496 948 2553; x_wconf 86' lang='lat' dir='ltr'><strong>nimis</strong></span> <span class='ocrx_word' id='word_1_242' title='bbox 983 2493 1202 2553; x_wconf 87' lang='lat' dir='ltr'><strong>credas.</strong></span> <span class='ocrx_word' id='word_1_243' title='bbox 1262 2491 1426 2553; x_wconf 89' lang='lat' dir='ltr'><strong>Vale.</strong></span> <span class='ocrx_word' id='word_1_244' title='bbox 1714 2501 1718 2507; x_wconf 86' lang='lat'>&#39;</span> 
     </span>
    </p>
   </div>
   <div class='ocr_carea' id='block_1_3' title="bbox 19 2585 1572 2805">
    <p class='ocr_par' dir='ltr' id='par_1_8' title="bbox 19 2585 1572 2805">
     <span class='ocr_line' id='line_1_29' title="bbox 19 2585 1214 2684; baseline -0.001 1"><span class='ocrx_word' id='word_1_245' title='bbox 19 2585 28 2632; x_wconf 22' lang='grc' dir='ltr'><strong>λ’</strong></span> <span class='ocrx_word' id='word_1_246' title='bbox 1092 2625 1214 2684; x_wconf 89' lang='lat' dir='ltr'><strong>vn.</strong></span> 
     </span>
     <span class='ocr_line' id='line_1_30' title="bbox 84 2718 1572 2805; baseline -0.002 -30"><span class='ocrx_word' id='word_1_247' title='bbox 84 2750 155 2805; x_wconf 79' lang='lat'><strong>30</strong></span> <span class='ocrx_word' id='word_1_248' title='bbox 733 2723 787 2774; x_wconf 87' lang='lat' dir='ltr'><strong>e.</strong></span> <span class='ocrx_word' id='word_1_249' title='bbox 821 2724 1067 2775; x_wconf 70' lang='lat' dir='ltr'><strong>mulus</strong></span> <span class='ocrx_word' id='word_1_250' title='bbox 1102 2723 1332 2774; x_wconf 80' lang='grc' dir='ltr'><strong>ΤΑοΙΤο</strong></span> <span class='ocrx_word' id='word_1_251' title='bbox 1365 2718 1483 2774; x_wconf 82' lang='lat' dir='ltr'><strong>suo</strong></span> <span class='ocrx_word' id='word_1_252' title='bbox 1520 2723 1572 2773; x_wconf 86' lang='lat' dir='ltr'><strong>s.</strong></span> 
     </span>
    </p>
   </div>
   <div class='ocr_carea' id='block_1_4' title="bbox 84 2821 2193 3407">
    <p class='ocr_par' dir='ltr' id='par_1_9' title="bbox 84 2821 2193 3407">
     <span class='ocr_line' id='line_1_31' title="bbox 288 2821 2188 2904; baseline 0 -19"><span class='ocrx_word' id='word_1_253' title='bbox 288 2826 491 2904; x_wconf 88' lang='lat' dir='ltr'><strong>Neque</strong></span> <span class='ocrx_word' id='word_1_254' title='bbox 520 2834 580 2884; x_wconf 88' lang='lat' dir='ltr'><strong>ut</strong></span> <span class='ocrx_word' id='word_1_255' title='bbox 611 2827 876 2901; x_wconf 87' lang='lat' dir='ltr'><strong>magistro</strong></span> <span class='ocrx_word' id='word_1_256' title='bbox 906 2828 1175 2902; x_wconf 86' lang='lat' dir='ltr'><strong>magister</strong></span> <span class='ocrx_word' id='word_1_257' title='bbox 1212 2840 1401 2902; x_wconf 86' lang='lat' dir='ltr'><strong>neque</strong></span> <span class='ocrx_word' id='word_1_258' title='bbox 1435 2831 1495 2881; x_wconf 93' lang='lat' dir='ltr'><strong>ut</strong></span> <span class='ocrx_word' id='word_1_259' title='bbox 1524 2822 1802 2902; x_wconf 86' lang='lat' dir='ltr'><strong>discipulo</strong></span> <span class='ocrx_word' id='word_1_260' title='bbox 1832 2821 2139 2900; x_wconf 89' lang='lat' dir='ltr'><strong>discipulus</strong></span> <span class='ocrx_word' id='word_1_261' title='bbox 2170 2838 2188 2884; x_wconf 82' lang='grc' dir='ltr'>ι</span> 
     </span>
     <span class='ocr_line' id='line_1_32' title="bbox 168 2906 2139 2990; baseline -0.004 -18"><span class='ocrx_word' id='word_1_262' title='bbox 168 2915 283 2990; x_wconf 89' lang='lat' dir='ltr'><strong>(sie</strong></span> <span class='ocrx_word' id='word_1_263' title='bbox 307 2911 454 2969; x_wconf 90' lang='lat' dir='ltr'><strong>enim</strong></span> <span class='ocrx_word' id='word_1_264' title='bbox 477 2909 733 2985; x_wconf 89' lang='lat' dir='ltr'><strong>scribis),</strong></span> <span class='ocrx_word' id='word_1_265' title='bbox 766 2907 870 2968; x_wconf 89' lang='lat' dir='ltr'><strong>sed</strong></span> <span class='ocrx_word' id='word_1_266' title='bbox 899 2918 958 2968; x_wconf 86' lang='lat' dir='ltr'><strong>ut</strong></span> <span class='ocrx_word' id='word_1_267' title='bbox 988 2907 1265 2986; x_wconf 87' lang='lat' dir='ltr'><strong>discipulo</strong></span> <span class='ocrx_word' id='word_1_268' title='bbox 1287 2909 1556 2983; x_wconf 89' lang='lat' dir='ltr'><strong>magister</strong></span> <span class='ocrx_word' id='word_1_269' title='bbox 1580 2906 1733 2983; x_wconf 86' lang='lat' dir='ltr'><strong>(nam</strong></span> <span class='ocrx_word' id='word_1_270' title='bbox 1765 2915 1824 2964; x_wconf 91' lang='lat' dir='ltr'><strong>tu</strong></span> <span class='ocrx_word' id='word_1_271' title='bbox 1852 2907 2139 2983; x_wconf 84' lang='lat' dir='ltr'><strong>magister,</strong></span> 
     </span>
     <span class='ocr_line' id='line_1_33' title="bbox 168 2988 2144 3073; baseline -0.003 -18"><span class='ocrx_word' id='word_1_272' title='bbox 168 3012 279 3073; x_wconf 88' lang='lat' dir='ltr'><strong>ego</strong></span> <span class='ocrx_word' id='word_1_273' title='bbox 306 3002 529 3060; x_wconf 86' lang='lat' dir='ltr'><strong>contra;</strong></span> <span class='ocrx_word' id='word_1_274' title='bbox 558 2991 740 3068; x_wconf 90' lang='lat' dir='ltr'><strong>adque</strong></span> <span class='ocrx_word' id='word_1_275' title='bbox 770 2991 911 3050; x_wconf 88' lang='lat' dir='ltr'><strong>adeo</strong></span> <span class='ocrx_word' id='word_1_276' title='bbox 942 3002 1000 3051; x_wconf 90' lang='lat' dir='ltr'><strong>tu</strong></span> <span class='ocrx_word' id='word_1_277' title='bbox 1024 2994 1080 3049; x_wconf 93' lang='lat' dir='ltr'><strong>in</strong></span> <span class='ocrx_word' id='word_1_278' title='bbox 1109 2990 1360 3051; x_wconf 89' lang='lat' dir='ltr'><strong>scholam</strong></span> <span class='ocrx_word' id='word_1_279' title='bbox 1382 3007 1655 3070; x_wconf 56' lang='lat' dir='ltr'><strong>rvocaS,</strong></span> <span class='ocrx_word' id='word_1_280' title='bbox 1689 3007 1801 3066; x_wconf 88' lang='lat' dir='ltr'><strong>ego</strong></span> <span class='ocrx_word' id='word_1_281' title='bbox 1837 2988 2017 3050; x_wconf 89' lang='lat' dir='ltr'><strong>adhuc</strong></span> <span class='ocrx_word' id='word_1_282' title='bbox 2045 2989 2144 3049; x_wconf 84' lang='lat' dir='ltr'><strong>Sa-</strong></span> 
     </span>
     <span class='ocr_line' id='line_1_34' title="bbox 166 3072 2193 3153; baseline -0.003 -15"><span class='ocrx_word' id='word_1_283' title='bbox 166 3078 401 3139; x_wconf 88' lang='lat' dir='ltr'><strong>turnalia</strong></span> <span class='ocrx_word' id='word_1_284' title='bbox 430 3075 712 3153; x_wconf 86' lang='lat' dir='ltr'><strong>extendo)</strong></span> <span class='ocrx_word' id='word_1_285' title='bbox 742 3074 942 3133; x_wconf 91' lang='lat' dir='ltr'><strong>librum</strong></span> <span class='ocrx_word' id='word_1_286' title='bbox 970 3076 1188 3135; x_wconf 86' lang='lat' dir='ltr'><strong>misisti.</strong></span> <span class='ocrx_word' id='word_1_287' title='bbox 1246 3073 1390 3132; x_wconf 90' lang='lat' dir='ltr'><strong>Num</strong></span> <span class='ocrx_word' id='word_1_288' title='bbox 1419 3074 1572 3153; x_wconf 89' lang='lat' dir='ltr'><strong>potui</strong></span> <span class='ocrx_word' id='word_1_289' title='bbox 1602 3072 1824 3149; x_wconf 92' lang='lat' dir='ltr'><strong>longius</strong></span> <span class='ocrx_word' id='word_1_290' title='bbox 1861 3072 2139 3152; x_wconf 79' lang='lat' dir='ltr'><strong>hyperba·</strong></span> <span class='ocrx_word' id='word_1_291' title='bbox 2159 3086 2193 3137; x_wconf 85' lang='lat'><strong>2</strong></span> 
     </span>
     <span class='ocr_line' id='line_1_35' title="bbox 84 3158 2142 3239; baseline -0.005 -11"><span class='ocrx_word' id='word_1_292' title='bbox 84 3175 152 3227; x_wconf 79' lang='lat'><strong>35</strong></span> <span class='ocrx_word' id='word_1_293' title='bbox 166 3172 264 3222; x_wconf 87' lang='lat' dir='ltr'><strong>ton</strong></span> <span class='ocrx_word' id='word_1_294' title='bbox 291 3161 482 3221; x_wconf 88' lang='lat' dir='ltr'><strong>facere</strong></span> <span class='ocrx_word' id='word_1_295' title='bbox 512 3161 694 3239; x_wconf 89' lang='lat' dir='ltr'><strong>adque</strong></span> <span class='ocrx_word' id='word_1_296' title='bbox 722 3159 832 3218; x_wconf 92' lang='lat' dir='ltr'><strong>hoc</strong></span> <span class='ocrx_word' id='word_1_297' title='bbox 857 3161 983 3237; x_wconf 87' lang='lat' dir='ltr'><strong>ipso</strong></span> <span class='ocrx_word' id='word_1_298' title='bbox 1014 3159 1255 3236; x_wconf 89' lang='lat' dir='ltr'><strong>probare</strong></span> <span class='ocrx_word' id='word_1_299' title='bbox 1289 3176 1414 3217; x_wconf 90' lang='lat' dir='ltr'><strong>eum</strong></span> <span class='ocrx_word' id='word_1_300' title='bbox 1444 3176 1575 3217; x_wconf 90' lang='lat' dir='ltr'><strong>esse</strong></span> <span class='ocrx_word' id='word_1_301' title='bbox 1605 3176 1698 3217; x_wconf 88' lang='lat' dir='ltr'><strong>me</strong></span> <span class='ocrx_word' id='word_1_302' title='bbox 1720 3158 1814 3235; x_wconf 90' lang='lat' dir='ltr'><strong>qui</strong></span> <span class='ocrx_word' id='word_1_303' title='bbox 1842 3174 1955 3216; x_wconf 89' lang='lat' dir='ltr'><strong>non</strong></span> <span class='ocrx_word' id='word_1_304' title='bbox 1975 3158 2142 3218; x_wconf 90' lang='lat' dir='ltr'><strong>modo</strong></span> 
     </span>
     <span class='ocr_line' id='line_1_36' title="bbox 169 3238 2143 3322; baseline -0.001 -18"><span class='ocrx_word' id='word_1_305' title='bbox 169 3247 436 3322; x_wconf 85' lang='lat' dir='ltr'><strong>magister</strong></span> <span class='ocrx_word' id='word_1_306' title='bbox 462 3255 590 3305; x_wconf 90' lang='lat' dir='ltr'><strong>tuus</strong></span> <span class='ocrx_word' id='word_1_307' title='bbox 621 3243 726 3304; x_wconf 88' lang='lat' dir='ltr'><strong>sed</strong></span> <span class='ocrx_word' id='word_1_308' title='bbox 757 3261 830 3303; x_wconf 90' lang='lat' dir='ltr'><strong>ne</strong></span> <span class='ocrx_word' id='word_1_309' title='bbox 861 3243 1169 3322; x_wconf 89' lang='lat' dir='ltr'><strong>discipulus</strong></span> <span class='ocrx_word' id='word_1_310' title='bbox 1201 3242 1429 3321; x_wconf 91' lang='lat' dir='ltr'><strong>quidem</strong></span> <span class='ocrx_word' id='word_1_311' title='bbox 1458 3241 1692 3301; x_wconf 90' lang='lat' dir='ltr'><strong>debeam</strong></span> <span class='ocrx_word' id='word_1_312' title='bbox 1721 3238 1873 3301; x_wconf 77' lang='lat' dir='ltr'><strong>dici?</strong></span> <span class='ocrx_word' id='word_1_313' title='bbox 1923 3241 2143 3302; x_wconf 88' lang='lat' dir='ltr'><strong>Sumam</strong></span> 
     </span>
     <span class='ocr_line' id='line_1_37' title="bbox 170 3325 2143 3407; baseline -0.003 -18"><span class='ocrx_word' id='word_1_314' title='bbox 170 3339 354 3389; x_wconf 81' lang='lat' dir='ltr'><strong>tamen</strong></span> <span class='ocrx_word' id='word_1_315' title='bbox 376 3346 673 3407; x_wconf 88' lang='lat' dir='ltr'><strong>personam</strong></span> <span class='ocrx_word' id='word_1_316' title='bbox 700 3329 950 3406; x_wconf 84' lang='lat' dir='ltr'><strong>magistri</strong></span> <span class='ocrx_word' id='word_1_317' title='bbox 985 3345 1356 3406; x_wconf 85' lang='lat' dir='ltr'><strong>exseramque</strong></span> <span class='ocrx_word' id='word_1_318' title='bbox 1384 3329 1440 3387; x_wconf 91' lang='lat' dir='ltr'><strong>in</strong></span> <span class='ocrx_word' id='word_1_319' title='bbox 1468 3326 1668 3387; x_wconf 82' lang='lat' dir='ltr'><strong>librum</strong></span> <span class='ocrx_word' id='word_1_320' title='bbox 1695 3337 1847 3387; x_wconf 86' lang='lat' dir='ltr'><strong>tuum</strong></span> <span class='ocrx_word' id='word_1_321' title='bbox 1874 3327 1960 3386; x_wconf 88' lang='lat' dir='ltr'><strong>ius</strong></span> <span class='ocrx_word' id='word_1_322' title='bbox 1992 3325 2143 3403; x_wconf 89' lang='lat' dir='ltr'><strong>quod</strong></span> 
     </span>
    </p>
   </div>
  </div>
 </body>
</html>
