2467 3850
766 154 1285 217 EPISTULARUM
1316 156 1387 216 11.
1434 168 1515 220 12.
2048 158 2131 223 33

151 305 378 368 Cornuti
420 310 753 368 sententiam
798 311 880 368 ire
924 319 1254 386 coeperunt.
1318 308 1457 368 Tum
1496 309 1578 369 illi
1621 311 1810 388 quise
1853 308 2127 388 Collegae
2181 370 2185 377 ,

147 390 497 451 adnumerari
529 393 880 468 patiebantur
919 394 974 451 in
1009 392 1290 453 diversum
1319 394 1687 469 transierunt,
1738 391 1975 471 Collega
2005 413 2132 453 cum

148 477 340 553 paucis
370 474 630 537 relictus.
675 474 908 535 Multum
931 485 1131 554 postea
1152 476 1222 536 de
1245 475 1624 554 inpulsorIbus
1649 478 1788 554 suis,
1824 478 2129 556 praecipue
2221 530 2228 537 .

149 559 215 618 de
244 557 502 635 Regulo,
531 569 766 636 questus
796 568 905 635 est,
939 560 1032 636 qui
1056 579 1119 619 se
1149 561 1204 617 in
1235 561 1510 620 sententia
1535 577 1697 637 quam
1723 562 1850 637 ipse
1881 560 2129 639 dictave-

105 652 223 702 5rat
263 641 638 702 deseruisset.
698 641 804 702 Est
843 642 1053 720 alioqui
1093 641 1320 720 Regulo
1354 654 1464 703 tam
1501 642 1709 703 mobile
1750 646 2032 721 ingenium
2071 654 2131 705 ut

144 726 442 804 plurimum
471 724 703 803 audeat,
748 724 1043 804 plurimum
1082 727 1291 789 timeat.
1351 726 1463 793 ‚Hic
1494 728 1617 787 finis
1651 729 1986 805 cognitionis
2017 739 2213 793 am·23

144 808 451 888 plissimae.
513 810 787 887 Superest
828 818 1012 869 tamen
1045 803 1462 889 λειτούργιον
1500 828 1611 873 non
1652 809 1819 887 leve,
1861 810 2130 872 Hostilius

145 892 455 969 Firminus,
497 892 717 969 legatus
751 890 889 952 Mari
931 891 1140 969 Prisci,
1189 895 1284 971 qui
1312 894 1620 972 permixtus
1654 904 1860 954 causae*
1886 898 2133 972 graviter

143 976 626 1054 vehementerque
648 985 883 1036 vexatus
906 986 1012 1036 est.
1052 974 1192 1035 Nam
1219 986 1279 1036 et
1305 978 1610 1037 rationibus
1638 976 1901 1039 Mariani
1931 988 1989 1039 et
2011 998 2132 1039 ser-

79 1068 134 1125 lo
149 1077 313 1118 mone
343 1077 513 1136 quem
545 1058 643 1118 ille
680 1059 948 1120 habuerat
971 1061 1025 1118 in
1049 1059 1241 1120 ordine
1266 1060 1678 1138 Leptitanorum
1714 1079 1941 1140 operam
1976 1081 2133 1123 suam

148 1143 342 1203 Prisco
371 1142 442 1225 ad
473 1144 851 1222 turpissimum
877 1145 1241 1203 ministerium
1275 1144 1687 1222 commodasse,
1720 1144 2130 1224 stipulatusque

146 1226 213 1287 de
257 1224 546 1286 Marciano
579 1228 973 1305 quinquaginta
1004 1225 1150 1285 milia
1196 1228 1546 1288 denariorum
1577 1228 1949 1307 probabatur,
2002 1230 2130 1306 ipse

144 1318 441 1389 praeterea
482 1312 780 1388 accepisse
813 1312 1076 1370 sestertia
1117 1310 1319 1370 decem
1345 1311 1513 1389 milia,
1545 1310 1873 1372 foedissimo
1905 1311 2133 1389 quidem

144 1394 341 1471 titulo,
388 1395 610 1454 nomine
652 1395 1041 1470 unguentarii,
1085 1395 1177 1471 qui
1221 1394 1414 1456 titulus
1447 1413 1479 1454 a
1507 1396 1620 1454 vita
1647 1395 1884 1455 hominis
1921 1396 2130 1473 compti

28 1540 29 1543 Ἴ
79 1486 132 1537 15
148 1495 376 1554 semper
404 1486 462 1537 et
497 1478 758 1555 pumicati
788 1493 899 1536 non
929 1476 1283 1539 abhorrebat.
1328 1477 1544 1540 Placuit
1576 1487 1850 1539 censente
1878 1477 2215 1540 Cornuto24

143 1561 344 1622 referri
377 1560 448 1620 de
484 1578 555 1620 eo
589 1563 845 1639 proximo
879 1569 1105 1620 senatu:
1140 1570 1274 1622 tunc
1304 1565 1473 1640 enim,
1509 1580 1643 1622 casu
1666 1580 1733 1621 an
1757 1564 2126 1640 conscientia,

144 1645 378 1706 afuerat.
422 1642 611 1705 Habes
635 1660 729 1704 res
760 1643 1027 1714 urbanas3
1071 1647 1317 1707 invicem
1344 1648 1583 1707 rusticas
1616 1646 1835 1705 scribe:
1878 1646 2009 1724 quid
2043 1656 2213 1708 ειν-25

146 1728 417 1789 busculae
448 1736 599 1803 tuae,
639 1727 772 1805 quid
801 1729 1024 1803 vineae,
1056 1727 1189 1805 quid
1217 1738 1455 1805 segetes
1486 1738 1678 1806 agunt,
1708 1728 1841 1805 quid
1869 1746 2007 1789 oves
2031 1729 2129 1788 de·

144 1807 542 1873 licatissimae?
582 1810 645 1871 In
686 1829 928 1887 summa,
971 1813 1078 1870 nisi
1119 1828 1302 1889 aeque
1334 1810 1559 1888 longam
1589 1810 1886 1890 epistulam
1913 1811 2127 1889 reddis,

73 1901 253 1957 20uon
282 1905 375 1957 est
401 1894 551 1974 quod
581 1904 780 1973 postea
807 1896 914 1957 nisi
943 1895 1332 1962 brevissimam
1359 1904 1653 1974 expectes.
1716 1892 1876 1954 Vale.

1066 2026 1196 2088 XII.

28 2023 33 2096 y
680 2127 732 2179 C.
775 2126 1022 2179 PLINIUS
1056 2127 1345 2178 ARRIANO
1384 2126 1502 2177 SUO
1537 2124 1588 2176 S.

242 2223 706 2307 ,Λειτούργιον
759 2229 899 2290 illud
946 2230 1098 2308 quod
1154 2248 1463 2308 superesse
1518 2228 1657 2289 Mari
1700 2228 1878 2289 Prisci
1924 2244 2126 2290 causae
2147 2243 2178 2296 1

75 2328 129 2379 25
144 2314 401 2391 proxime
442 2316 810 2392 scripseram,
852 2315 1050 2374 nescio
1088 2332 1156 2373 an
1196 2315 1367 2391 satis,
1411 2315 1803 2373 circumcisum
1843 2322 2028 2373 tamen
2070 2321 2130 2373 et

142 2396 399 2456 adrasum
442 2406 551 2456 est.
620 2396 893 2458 Firminus
922 2397 1180 2458 inductus
1218 2400 1274 2456 in
1305 2408 1556 2458 senatum
1591 2396 1884 2476 respondit
1915 2397 2176 2461 crimini2

28 2557 29 2560 Ἴ
141 2491 298 2541 noto.
364 2479 608 2540 Secutae
649 2491 778 2541 sunt
818 2480 1075 2543 diversae
1117 2484 1431 2541 sententiae
1476 2481 1766 2542 consulum
1809 2480 2128 2557 designato·

28 2631 29 2634 Ἴ
141 2582 290 2623 rum:
348 2561 630 2624 Cornutus
666 2563 948 2626 Tertullus
989 2567 1209 2625 censuit
1253 2566 1446 2625 ordine
1490 2565 1857 2640 movendum,
1890 2563 2127 2623 Acutius

140 2643 330 2706 Nerva
363 2649 422 2706 in
463 2650 757 2709 sortitione
801 2652 1125 2728 provinciae
1166 2651 1439 2709 rationem
1481 2651 1602 2709 eius
1645 2666 1756 2707 non
1797 2645 2123 2706 habendam.

72 2729 301 2803 3oQuae
330 2733 609 2791 sententia
636 2740 912 2811 tamquam
938 2735 1121 2793 mitior
1150 2735 1307 2809 vicit,
1344 2751 1469 2792 cum
1498 2734 1569 2792 sit
1592 2730 1800 2809 alioqui
1824 2730 2012 2789 durior
2031 2731 2125 2789 tri·

139 2815 415 2892 stiorque.
462 2813 610 2887 Quid
638 2819 786 2875 enim
817 2819 1073 2878 miserius
1104 2834 1269 2894 quam
1297 2825 1558 2876 exectum
1590 2826 1647 2875 et
1678 2822 1996 2889 exemptum
2022 2813 2122 2873 ho·
2140 2824 2176 2878 3

139 2898 372 2966 notibus
404 2901 699 2959 senatoriis
727 2899 920 2961 labore
951 2911 1010 2961 et
1041 2900 1301 2959 molestia
1328 2918 1438 2959 non
1469 2896 1708 2958 carere?
1740 2898 1873 2975 quid
1899 2900 2124 2975 gravius

141 2998 305 3058 quam
328 2991 484 3053 ‘tanta
505 2984 804 3059 ignominia
838 2984 1119 3045 adfectum
1147 3000 1261 3042 non
1287 2984 1343 3042 in
1377 2982 1675 3043 solitudine
1707 2980 1906 3058 latere,
1939 2981 2044 3042 sed
2070 2983 2126 3040 in

138 3064 242 3124 bac
273 3064 544 3128 altissima
570 3068 808 3147 specula
833 3067 1294 3145 conspiciendum
1325 3086 1389 3126 se
1414 3065 1938 3143 monstrandumque
1962 3082 2125 3142 prae·

70 3153 125 3207 35
138 3146 320 3209 bere?
371 3147 672 3210 Praeterea
704 3151 836 3229 quid
875 3151 1105 3230 publice
1144 3152 1322 3209 minus
1355 3158 1451 3209 aut
1483 3165 1801 3225 congruens
1828 3159 1921 3209 aut
1953 3148 2177 3219 deco-4

139 3250 294 3308 rum,
323 3242 573 3292 notatum
602 3252 635 3293 a
665 3246 861 3295 senatu
890 3237 946 3294 in
973 3245 1169 3295 senatu
1202 3233 1407 3295 sedere
1437 3234 1692 3310 ipsisque
1722 3232 1832 3292 illis
1860 3251 1893 3292 a
1922 3232 2123 3310 quibus

141 3317 212 3376 sit
239 3326 468 3380 notatus
501 3321 730 3396 aequari
753 3328 813 3380 et
839 3329 1169 3387 summotum
1192 3336 1224 3377 a
1252 3315 1673 3396 proconsulatu,
1710 3319 1837 3395 quia
1863 3335 1929 3376 se
1958 3318 2012 3375 in
2040 3315 2122 3375 le-

139 3401 367 3476 gatione
398 3404 659 3480 ‚turpiter
700 3401 994 3482 gesserat,
1049 3402 1118 3464 de
1158 3400 1596 3482 proconsulibus
1626 3401 1873 3461 iudicare
1905 3399 2121 3459 damna-

220 3490 366 3542 Pmm
399 3489 501 3543 Ep.
1763 3484 1803 3544 3
