2467 3850
299 212 419 275 182
1138 205 1207 269 G.
1250 206 1444 268 PLINI

293 375 477 424 natum
514 373 573 424 ut
611 362 946 423 nominatum
986 360 1292 421 defendunt
1326 363 1647 439 crimenque
1681 362 1838 440 quasi
1868 362 1921 419 in
1965 359 2147 420 medio
2191 379 2281 422 re-

212 449 486 509 ]4lictum
518 447 849 508 defensione
881 448 1209 524 suscipiunt.
1259 445 1417 518 Quae
1453 457 1750 524 praeterea
1778 445 2018 505 dixerint
2051 463 2161 504 non
2191 455 2282 505 est

292 551 537 593 necesse
583 549 836 598 narrare;
883 531 938 589 in
977 529 1134 590 libris
1174 530 1369 590 habes.
1436 530 1569 589 Sum
1606 531 1753 589 enim
1784 539 1985 589 cuncta
2028 531 2281 605 ipsorum

209 628 272 678 15
293 617 485 676 verbis
526 623 883 693 persecutus.
947 613 1154 674 Dicunt
1185 623 1380 673 contra
1403 613 1639 673 Avidius
1673 612 1941 689 Quietus,
1996 611 2277 673 Cornutus

291 699 597 760 TertulluS.
638 698 895 775 Quietus,
930 699 1333 776 iniquissimum
1368 715 1501 757 esse
1533 696 1818 775 querellas
1849 696 2153 756 dolentium
2177 694 2325 756 err-5

293 783 477 860 cludi,
534 781 779 859 ideoque
818 783 1017 841 Arriae
1052 791 1111 842 et
1152 781 1394 840 Fanniae
1436 782 1521 840 ius
1565 780 1834 859 querendi
1875 799 1985 840 non
2018 781 2280 841 auferen-

292 868 450 943 dum,
493 885 603 926 nec
639 868 916 926 interesse
958 867 1116 927 cuius
1149 866 1360 925 ordinis
1396 868 1520 943 quis
1564 867 1666 940 sit,
1712 863 1816 923 sed
1839 860 2012 943 *quam
2053 883 2281 924 causam

208 959 272 1013 16
291 952 512 1011 habeat.
561 949 862 1028 CornutuS,
889 949 1071 1009 datum
1099 969 1164 1009 se
1190 968 1221 1008 a
1253 948 1577 1009 consulibus
1609 958 1851 1008 tutorem
1881 948 2101 1008 Helvidi
2132 948 2280 1008 filiae

291 1035 614 1114 petentibus
648 1044 820 1094 matre
854 1035 975 1094 eius
1013 1042 1071 1092 et
1103 1034 1335 1093 vitrico:
1385 1051 1532 1091 nunc
1574 1051 1800 1111 quoque
1845 1051 1956 1092 non
1997 1036 2279 1092 sustinere

291 1120 561 1178 deserere
593 1118 765 1178 officii
799 1119 884 1176 sui
912 1127 1135 1195 partes,
1178 1119 1234 1175 in
1265 1134 1377 1195 quo
1407 1127 1593 1176 tamen
1624 1127 1680 1177 ct
1705 1135 1808 1177 suo
1844 1116 2023 1177 dolori
2056 1116 2279 1176 modum
2294 1124 2362 1176 lo

288 1206 561 1281 inponere
591 1211 649 1261 et
679 1204 1006 1279 optimarum
1035 1201 1359 1260 feminarum
1391 1200 1648 1279 perferre
1682 1199 2153 1260 modestissimum
2181 1199 2276 1260 ad-

289 1286 527 1353 fectum;
585 1302 721 1362 quas
765 1295 1055 1344 contentas
1089 1303 1224 1345 esse
1252 1284 1553 1345 admonere
1590 1294 1841 1344 senatum
1868 1284 2083 1344 Publici
2122 1283 2278 1344 Certi

291 1379 554 1429 cruentae
591 1367 919 1428 adulationis
952 1378 1008 1428 et
1037 1378 1272 1446 petere,
1324 1369 1372 1427 si
1401 1386 1585 1446 poena
1618 1368 1809 1445 flagitii
1845 1369 2278 1428 manifestissimi

209 1462 272 1515 17
294 1455 623 1528 remittatur,
654 1462 787 1511 nota
818 1461 974 1511 certe
1001 1454 1158 1530 quasi
1185 1455 1446 1513 censoria
1472 1455 1737 1512 inuratur.
1782 1451 1919 1510 Tum
1934 1452 2145 1511 Satrius
2161 1451 2276 1510 Ru-

289 1536 381 1595 fus
408 1535 594 1594 medio
622 1536 995 1614 ambiguoque
1035 1554 1295 1596 sermone
1326 1542 1514 1614 ‘puto'
1546 1536 1738 1614 inquid
1768 1538 2040 1595 ‘iniuriam
2071 1535 2274 1595 factam
2295 1546 2361 1600 15

289 1619 542 1678 Publicio
569 1617 763 1696 Certo,
795 1621 977 1679 sinon
1013 1620 1353 1680 absolvitur:
1394 1622 1707 1680 nominatus
1736 1631 1826 1681 est
1855 1620 1925 1679 ab
1952 1620 2145 1680 amicis
2171 1619 2277 1679 Ar·

285 1705 403 1764 riae
429 1713 486 1763 et
499 1703 759 1781 Fanniae,
786 1706 1094 1764 nominatus
1121 1705 1192 1763 ab
1219 1706 1412 1764 amicis
1437 1706 1574 1765 suis.
1599 1703 1724 1764 Nec
1750 1704 2021 1764 debemus
2046 1703 2277 1764 solliciti

288 1807 450 1855 esse;
480 1788 627 1847 idem
650 1791 797 1847 enim
826 1806 951 1865 nos,
991 1790 1083 1866 qui
1117 1789 1264 1847 bene
1292 1790 1562 1849 sentimus
1598 1788 1667 1848 de
1696 1788 1940 1864 homine,
1978 1796 2036 1847 et
2065 1788 2276 1848 iudica·

287 1874 393 1932 turi
426 1890 647 1933 sumus:
678 1875 724 1933 si
751 1875 1023 1933 innocens
1052 1882 1164 1950 est,
1196 1875 1344 1933 sicut
1378 1890 1553 1951 spero
1584 1882 1642 1932 et
1673 1872 1843 1951 malo,
1876 1881 1933 1932 ct
1967 1872 2148 1934 donec
2177 1871 2275 1932 ali-

205 1960 270 2012 18
291 1956 422 2035 quid
452 1957 745 2035 probetur,
779 1957 973 2034 credo,
1007 1959 1268 2035 poteritis
1292 1957 1640 2017 absolvere.'
1679 1956 1835 2019 Haec
1858 1957 1961 2035 illi,
1988 1973 2100 2036 quo
2125 1959 2275 2036 quis·
2288 1960 2363 2013 20

289 2060 398 2119 que
431 2042 625 2101 ordine
662 2042 984 2102 citabantur.
1045 2041 1280 2101 Venitur
1312 2040 1382 2100 ad
1410 2059 1531 2100 me:
1583 2059 1898 2119 consurgo,
1952 2049 2077 2099 utor
2115 2042 2272 2100 initio

290 2124 441 2202 quod
467 2127 524 2183 in
545 2124 689 2184 libro
717 2134 838 2201 est,
883 2125 1208 2203 respondeo
1236 2123 1492 2202 singulis.
1558 2124 1759 2184 Mirum
1790 2144 1896 2203 qua
1939 2125 2272 2201 intentione,

289 2208 491 2284 quibus
533 2208 867 2268 clamoribus
911 2213 1092 2269 omnia
1143 2211 1475 2287 exceperint
1520 2212 1613 2288 qui
1661 2209 1827 2269 modo
1875 2207 2270 2268 reclamabant.

287 2289 459 2350 Tanta
498 2294 796 2351 conversio
837 2293 932 2352 vel
963 2294 1177 2370 negotii
1219 2291 1545 2370 dignitatem
1583 2292 1678 2352 vel
1711 2302 2041 2369 proventum
2070 2294 2274 2352 oratio·

204 2377 269 2431 19
287 2376 372 2433 nis
403 2373 498 2432 vel
537 2377 745 2433 actoris
787 2379 1150 2437 constantiam
1190 2377 1496 2436 subsecuta
1540 2386 1647 2436 est.
1713 2376 1899 2436 Finio:
1941 2378 2136 2453 incipit
2181 2395 2272 2436 re·
2288 2385 2361 2437 25

286 2457 570 2536 spondere
595 2456 864 2518 Veiento:
894 2478 1059 2519 nemo
1083 2463 1314 2539 patitur:
1348 2462 1695 2536 obturbatur,
1730 2462 2093 2539 obstrepitur,
2125 2460 2272 2520 adeo

285 2542 511 2621 quidem
542 2551 601 2601 ut
625 2541 842 2603 diceret
874 2547 1073 2622 ‘rogo,
1109 2554 1300 2623 patres
1334 2547 1674 2623 conscripti,
1716 2564 1786 2603 ne
1817 2563 1907 2604 me
1940 2546 2158 2621 cogatis
2189 2546 2273 2603 in-

283 2626 510 2706 plorare
541 2626 801 2686 auxilium
829 2629 1220 2687 tribunorum.'
1260 2627 1333 2687 Et
1358 2631 1542 2689 statim
1574 2628 1804 2689 Murena
1833 2628 2086 2688 tribunus
2115 2632 2272 2707 ‘per-

282 2714 440 2772 mitto
468 2711 590 2788 tibi,
621 2713 707 2770 vir
738 2711 1044 2772 clarissime
1074 2711 1334 2788 Veiento,
1368 2711 1605 2772 dicere.’
1650 2712 1805 2772 Tunc
1836 2729 2058 2790 quoque
2088 2711 2271 2772 recla-

198 2805 472 2857 20matur.
525 2793 680 2855 Inter
706 2814 889 2857 moras
915 2796 1114 2856 consul
1153 2797 1335 2855 citatis
1363 2797 1673 2856 nominibus
1707 2806 1763 2855 et
1798 2805 2028 2874 peracta
2056 2796 2359 2855 disces-30

281 2883 441 2937 sione
472 2881 635 2939 mittit
675 2889 927 2939 senatum
967 2899 1034 2940 ac
1075 2897 1257 2958 paene
1300 2878 1482 2939 adhuc
1525 2890 1760 2940 stantem
1787 2889 2270 2958 temptantemque

281 2960 472 3020 dicere
500 2961 872 3023 Veientonem
899 2963 1141 3041 reliquit.
1205 2962 1442 3023 Multum
1484 2962 1583 3023 ille
1620 2964 1689 3023 de
1722 2963 1827 3023 hac
1862 2965 1968 3042 (ita
1996 2964 2269 3041 vocabat)

283 3044 618 3103 contumelia
647 3058 882 3123 questus
911 3057 998 3108 est
1023 3047 1325 3107 Homerico
1355 3065 1524 3106 versu

490 3113 544 3185 εὖ
565 3124 782 3206 γέρον,
813 3117 857 3208 ἦ
880 3124 1053 3209 μάλα
1075 3125 1156 3209 δή
1181 3143 1256 3191 σε
1279 3128 1418 3191 νέοι
1448 3129 1738 3208 τείρουσι
1764 3130 2058 3209 μαχηταί.

198 3218 261 3269 21
281 3206 408 3267 Non
435 3207 558 3267 fere
583 3214 872 3290 quisquam
902 3216 958 3273 in
991 3225 1187 3274 senatu
1218 3216 1321 3275 fuit
1364 3217 1457 3293 qui
1500 3233 1611 3274 non
1645 3233 1735 3273 me
1766 3215 2264 3294 complecteretur,
2285 3224 2358 3277 35

283 3291 710 3351 exoscularetur
750 3300 1114 3374 certatimque
1145 3298 1311 3358 laude
1342 3299 1679 3375 cumularet,
1718 3299 1866 3378 quod
1894 3301 2271 3359 intermissum

282 3376 390 3433 iam
420 3374 510 3432 diu
546 3391 758 3435 morem
796 3381 851 3435 in
894 3379 1178 3455 publicum
1212 3381 1544 3442 consulendi
1583 3385 1868 3461 susceptis
1904 3374 2147 3460 propriis
2191 3385 2268 3444 si-

283 3456 604 3516 multatibus
639 3459 1021 3537 reduxissem,
1060 3462 1209 3539 quod
1242 3465 1484 3544 denique
1516 3477 1769 3526 senatum
1800 3466 2001 3526 invidia
2029 3465 2267 3530 liberas-
