2467 3850
727 191 1249 256 EPISTULARUM
1274 193 1371 255 VI.
1410 205 1461 258 1.
1491 206 1541 258 2.
2007 195 2122 276 1³1

136 365 485 428 possessore
520 354 680 407 esset
705 355 931 407 acturus
951 393 969 424 ,
1002 347 1152 426 quod
1184 348 1476 409 candidum
1506 347 1783 427 splenium
1809 349 1864 408 in
1896 349 2007 410 hoc
2037 362 2130 411 aut

138 435 192 493 in
228 431 367 491 illud
398 429 760 509 supercilium
788 431 1185 509 transferebat,
1218 432 1369 509 quod
1391 450 1622 511 semper
1639 432 1970 513 haruspices
1996 452 2129 494 con·

140 514 366 578 sulebat
399 515 469 574 de
500 514 735 573 actionis
769 523 1011 592 eventu,
1058 534 1091 576 a
1133 517 1298 576 nimia
1327 517 1762 595 superstitione,
1806 517 1911 577 sed
1943 526 2127 577 tamen

140 609 199 659 et
227 617 259 657 a
287 615 492 675 magno
522 596 830 657 studiorum
860 597 1076 659 honore
1116 600 1399 659 veniebat.
1457 598 1572 659 Iam
1611 597 1707 658 illa
1746 617 2015 679 perquam
2044 603 2121 660 iu·
2141 610 2176 663 3

91 695 125 745 5
144 681 326 743 cunda
353 701 460 741 una
489 681 838 759 dicentibus,
872 682 1022 760 quod
1050 682 1228 744 libera
1258 692 1512 763 tempora
1538 683 1802 760 petebat,
1856 683 2006 761 quod
2033 703 2127 744 au·

142 767 357 827 dituros
403 764 756 842 corrogabat.
836 765 981 838 Quid
1026 766 1173 827 enim
1211 767 1503 827 iucundius
1545 784 1710 845 quam
1747 768 1853 827 sub
1897 766 2126 828 alterius

140 849 346 909 invidia
392 867 555 928 quam
595 848 685 908 diu
726 848 872 909 velis
914 859 972 909 et
1001 852 1057 910 iu
1097 848 1287 910 alieno
1315 849 1589 911 auditorio
1619 852 1778 929 quasi
1813 850 2128 928 deprehen-

142 952 266 993 sum
308 931 601 992 commode
647 928 880 994 dicere?
946 933 1060 994 Sed
1102 941 1406 1013 utcumque
1449 954 1513 994 se
1546 933 1751 993 habent
1791 935 1928 1011 ista,
1980 933 2177 997 bene4

142 1016 282 1077 fecit
308 1014 564 1093 Regulus
594 1015 744 1094 quod
775 1026 865 1077 est
897 1028 1179 1087 mortuus3
1225 1017 1463 1095 melius,
1505 1019 1553 1078 si
1583 1028 1733 1078 ante.
1788 1017 1949 1077 Nunc
1983 1020 2130 1078 enim

62 1104 127 1157 10
144 1119 281 1161 sane
332 1109 553 1178 poterat
593 1102 714 1160 sine
757 1099 904 1160 malo
943 1100 1179 1180 publico
1219 1103 1417 1162 vivere
1460 1102 1566 1161 sub
1609 1118 1682 1162 eo
1722 1102 1977 1181 principe
2022 1102 2128 1162 sub

143 1202 256 1263 quo
284 1201 498 1243 nocere
532 1201 644 1242 non
674 1193 912 1262 poterat.
954 1184 1091 1246 Ideo
1115 1184 1199 1246 sas
1230 1195 1321 1246 est
1349 1203 1461 1245 non
1487 1203 1782 1264 numquam
1807 1203 1932 1244 eum
1962 1203 2129 1263 quae·

140 1286 291 1328 rere.
355 1266 495 1326 Nam
535 1276 833 1346 postquam
872 1268 1010 1328 obiit
1047 1267 1180 1346 ille,
1221 1270 1528 1330 increbruit
1566 1270 1775 1347 passim
1813 1278 1869 1328 et
1900 1268 2177 1332 invaluit5

144 1350 496 1413 consuetudo
537 1351 693 1411 binas
724 1349 818 1410 vel
848 1352 1100 1429 singulas
1127 1352 1458 1431 clepsydras
1477 1399 1493 1429 ,
1538 1352 1812 1413 interdum
1852 1355 2017 1411 etiam
2048 1351 2127 1411 di·

141 1434 337 1495 midias
380 1444 438 1494 et
481 1433 641 1493 dandi
686 1443 743 1493 et
785 1435 1033 1513 petendi.
1094 1434 1234 1496 Nam
1263 1437 1444 1514 etqui
1480 1437 1666 1496 dicunt
1705 1436 1899 1512 egisse
1920 1435 2128 1495 malunt

63 1516 125 1567 15
143 1536 307 1597 quam
337 1536 510 1595 agere
540 1527 599 1578 et
629 1519 723 1596 qui
754 1518 979 1579 audiunt
1015 1520 1171 1579 finire
1206 1537 1370 1597 quam
1405 1521 1669 1580 iudicare.
1730 1518 1901 1578 Tanta
1930 1519 2125 1596 negle-

141 1604 369 1680 gentia,
432 1611 579 1661 tanta
625 1601 871 1681 desidia,
926 1613 1077 1663 tanta
1118 1602 1361 1682 denique
1400 1604 1775 1663 inreverentia
1819 1602 2126 1663 studiorum

140 1685 638 1765 periculorumque
677 1695 784 1746 est.
849 1687 939 1745 An
978 1705 1084 1747 nos
1136 1689 1508 1765 sapientiores
1549 1685 1849 1746 maioribus
1893 1689 2179 1763 nostriS,6

138 1787 246 1830 nos
276 1769 500 1846 legibus
530 1770 669 1848 ipsis
697 1772 994 1848 iustiores,
1038 1788 1180 1848 quae
1211 1780 1296 1829 tot
1328 1770 1526 1845 horas,
1558 1779 1642 1830 tot
1674 1768 1830 1846 dies,
1859 1777 1944 1828 tot
1975 1787 2126 1829 com-

140 1854 633 1933 perendinationes
664 1852 1013 1932 largiuntur?
1053 1854 1293 1914 hebetes
1324 1853 1406 1913 illi
1437 1863 1494 1913 et
1523 1871 1690 1933 supra
1712 1852 1936 1911 modum
1959 1852 2122 1931 tardi,

59 1941 248 1998 20nos
279 1941 526 2017 apertius
555 1939 813 2017 dicimus,
853 1939 1098 2000 celerius
1127 1938 1532 2015 intellegimus,
1565 1937 1890 2014 religiosius
1918 1935 2125 1996 iudica-

139 2041 294 2100 mus,
327 2025 453 2102 quia
483 2023 841 2102 paucioribus
883 2021 1199 2103 clepsydris
1242 2024 1675 2101 praecipitamus
1716 2038 1917 2081 causas
1963 2037 2126 2099 quam

140 2106 341 2167 diebus
378 2107 648 2186 explicari
683 2105 983 2168 solebant?
1024 2106 1073 2167 Ο
1097 2105 1357 2184 Regule,
1395 2109 1487 2185 qui
1517 2106 1814 2166 ambitione
1848 2104 1917 2163 ab
1952 2105 2176 2169 omni-7

139 2189 247 2250 bus
282 2192 576 2270 optinebas
618 2190 769 2269 quod
802 2189 931 2251 fidei
959 2192 1280 2270 paucissimi
1320 2188 1634 2270 praestant!
1677 2187 1955 2267 Equidem
1986 2204 2124 2267 quo·

139 2276 286 2335 tiens
315 2275 501 2334 iudico
521 2320 539 2352 ,
589 2275 741 2352 quod
770 2273 865 2334 vel
893 2278 1121 2354 saepius
1152 2274 1301 2335 facio
1332 2293 1494 2353 quam
1524 2275 1676 2352 dicu,
1712 2283 1972 2352 quantum
2000 2273 2123 2350 quis

19 2358 20 2377 ¹
60 2356 437 2436 25plurimum
469 2358 716 2438 postulat
756 2376 932 2438 aquae
969 2359 1061 2418 do.
1123 2358 1351 2420 'Etenim
1380 2360 1730 2419 temerarium
1762 2359 2020 2418 existimo
2046 2356 2176 2421 ‹li-8

136 2444 333 2502 vinare
369 2460 535 2521 quam
565 2446 815 2521 spatiosa
843 2445 917 2504 sit
950 2461 1119 2504 causa
1153 2443 1395 2503 inaudita
1424 2452 1762 2520 tempusque
1793 2444 2027 2518 negotio
2063 2441 2124 2500 fi-

135 2527 260 2585 nire
290 2528 448 2587 cuius
485 2525 709 2586 modum
735 2529 1000 2604 ignores,
1045 2530 1379 2607 praesertim
1428 2544 1553 2587 cum
1595 2529 1825 2605 primam
1862 2525 2123 2601 religioni

137 2628 275 2669 suae
305 2609 477 2670 iudex
515 2612 836 2689 patientiam
877 2609 1113 2688 debeat,
1167 2629 1311 2689 quae
1353 2628 1484 2689 pars
1512 2627 1710 2687 magna
1743 2609 1989 2669 iustitiae
2017 2618 2122 2666 est.

23 2730 26 2747 ,
134 2695 211 2753 At
240 2693 511 2772 quaedam
537 2711 885 2772 supervacua
910 2692 1181 2755 dicuntur.
1226 2694 1436 2755 Etiam:
1464 2691 1567 2754 sed
1590 2694 1761 2753 satius
1785 2699 1873 2751 est
1899 2699 1958 2752 et
1980 2690 2121 2749 haec

59 2775 252 2842 aodici
285 2795 449 2856 quam
488 2794 600 2837 non
640 2776 750 2837 dici
778 2779 1119 2837 necessaria.
1181 2778 1481 2838 Praeterea
1511 2795 1580 2835 an
1609 2778 1718 2836 sint
1749 2789 2118 2852 supervacua,
2141 2784 2174 2836 9

136 2862 244 2921 nisi
276 2879 403 2920 cum
433 2859 697 2938 audieris,
729 2861 879 2921 scire
907 2879 1020 2920 non
1046 2864 1254 2940 possis.
1318 2860 1431 2919 Sed
1461 2859 1531 2919 de
1561 2858 1649 2919 his
1678 2855 1878 2917 melius
1908 2872 2117 2932 coram,

133 2954 194 3004 ut
223 2943 296 3005 de
331 2944 588 3024 pluribus
618 2946 768 3006 vitiis
809 2946 1065 3005 civitatis.
1125 2944 1266 3004 Nam
1294 2954 1355 3004 tu
1387 2961 1613 3022 quoque
1641 2956 1833 3000 amore
1876 2956 2120 2999 commu-

134 3030 286 3089 nium
316 3026 475 3090 soles
505 3028 787 3089 emendari
827 3046 1040 3107 cupere
1083 3047 1227 3108 quae
1273 3030 1380 3087 iam
1419 3027 1710 3103 corrigere
1750 3022 1981 3084 difficile
2011 3032 2118 3083 est.
2170 3046 2175 3053 ·

132 3111 298 3174 Nunc
318 3114 690 3192 respiciamus
720 3112 918 3172 domos
948 3121 1192 3173 nostras.
1257 3110 1477 3189 Ecquid
1506 3110 1687 3169 omnia
1713 3109 1769 3167 in
1798 3116 1891 3167 tua
1917 3103 2119 3167 recte?
2138 3119 2205 3171 10

59 3198 188 3258 35in
215 3215 343 3258 mea
371 3199 505 3257 novi
533 3195 688 3256 nihil.
732 3195 867 3256 Mihi
894 3206 1080 3256 autem
1108 3205 1168 3256 et
1194 3197 1438 3273 gratiora
1461 3202 1587 3254 sunt
1613 3192 1782 3268 bona,
1815 3190 1966 3272 quod
1989 3208 2117 3270 per·

27 3286 30 3349 Χ
130 3289 421 3361 severant,
453 3290 511 3342 et
540 3279 755 3343 leviora
780 3279 1150 3357 incommoda,
1181 3280 1332 3358 quod
1357 3276 1608 3343 adsuevi.
1666 3276 1828 3336 Vale.
