2467 3850
701 192 1220 255 EPISTULARUM
1248 193 1346 253 vl.
1391 205 1476 257 30.
1508 205 1594 258 31.
2026 199 2146 263 129

157 357 269 407 tum
297 364 414 406 non
444 347 568 408 sine
611 346 795 426 aliqua
823 348 1273 427 reprehensione
1315 346 1621 425 patientiae
1652 364 1807 407 amor
1834 352 2029 412 uxoris
2055 370 2144 413 re-

15 441 20 528 '3
158 431 445 507 tardabat,
494 448 660 509 quam
699 431 926 510 quidem
967 435 1132 494 etiam
1171 439 1304 510 post
1345 430 1588 492 delatum
1626 430 1956 492 adulterium
1997 434 2145 497 domi

158 516 460 589 habuerat,
506 518 666 592 quasi
699 526 994 577 contentus
1025 515 1303 575 aemulum
1332 516 1666 574 removisse.
1728 516 2057 578 Admonitus
2087 530 2195 581 ut6

160 608 465 678 perageret
498 601 953 677 accusationem,
1009 601 1232 679 peregit
1274 600 1497 658 invitus.
1563 597 1677 658 Sed
1717 598 1864 659 illam
1905 601 2147 662 damnari

13 693 14 710 ¹
113 686 323 743 5etiam
358 684 531 742 invito
566 692 898 744 accusatore
939 700 1185 744 necesse
1226 691 1379 742 erat:
1423 683 1673 742 damnata
1705 692 1763 742 et
1790 681 1966 744 Iuliae
1998 685 2145 763 legis

159 769 360 846 poenis
389 766 589 826 relicta
618 777 725 827 est.
785 766 997 829 Caesar
1025 776 1082 827 et
1112 784 1316 827 nomen
1347 767 1690 826 centurionis
1723 775 1780 827 et
1810 786 2145 830 commemo-

157 853 429 911 rationem
452 850 781 930 disciplinae
810 851 1059 911 militaris
1090 852 1405 911 sententiae
1436 850 1659 926 adiecit,
1692 868 1766 910 ne
1798 855 1974 913 omnis
2001 857 2144 913 eius-

160 933 306 996 modi
341 952 540 995 causas
581 952 856 995 revocare
885 936 954 995 ad
983 937 1049 996 s‘e
1079 935 1385 994 videretur.
1452 933 1643 993 Tertio
1674 933 1765 994 die
1796 935 2018 997 inducta
2049 956 2145 998 co·
2163 947 2195 1001 7

162 1020 337 1096 gnitio
371 1028 459 1078 est
483 1017 667 1078 multis
698 1021 1052 1080 sermonibus
1083 1030 1141 1079 et
1164 1021 1321 1079 vario
1349 1035 1573 1078 rumore
1605 1021 1824 1108 iactata,
1858 1018 1965 1079 Iuli
1989 1020 2144 1082 Tiro-

83 1104 249 1162 lonis
283 1101 551 1179 codicilli,
583 1121 727 1180 qnos
757 1122 829 1163 ex
855 1113 1013 1182 parte
1042 1122 1212 1164 veros
1242 1120 1374 1163 esse
1398 1102 1710 1179 constabat,
1742 1121 1815 1163 ex
1835 1112 1994 1183 parte
2019 1105 2146 1166 falsi

163 1187 509 1246 dicebantur.
604 1187 1096 1248 Substituebantur
1163 1188 1377 1247 crimini
1446 1187 1810 1265 Sempronius
1874 1188 2142 1266 Senecio,
2162 1202 2198 1254 8

163 1289 342 1348 eques
372 1269 687 1346 Romanus,
728 1280 787 1332 et
813 1270 1188 1347 Eurythmus,
1233 1270 1496 1332 Caesaris
1526 1270 1761 1331 libertus
1792 1281 1850 1331 et
1880 1289 2145 1350 procura-

163 1363 269 1414 tor.
333 1354 625 1433 Heredes,
671 1373 798 1415 cum
839 1354 1050 1416 Caesar
1094 1364 1251 1414 esset
1289 1357 1344 1414 in
1373 1354 1584 1432 Dacia,
1634 1358 2000 1416 communiter
2027 1360 2147 1437 epi-

13 1413 16 1520 Ι
163 1437 305 1499 stula
335 1441 546 1518 scripta
575 1441 853 1518 petierant
881 1449 942 1501 ut
970 1441 1293 1517 susciperet
1324 1440 1718 1516 cognitionem.
1782 1439 2143 1520 Susceperat.

12 1527 22 1618 l
84 1532 148 1595 15
162 1522 452 1583 Reversus
482 1522 628 1583 diem
658 1522 923 1600 dederat,
969 1531 1182 1584 etcum
1221 1541 1298 1582 ex
1334 1522 1637 1583 heredibus
1681 1524 1932 1601 quidam,
1988 1528 2199 1602 quasi9

161 1609 476 1667 reverentia
507 1605 817 1685 Eurythmi,
853 1609 1173 1667 omitterent
1202 1607 1637 1682 accusationem,
1663 1606 2040 1685 pulcherrime
2066 1608 2143 1668 di-

160 1701 319 1751 xerat
352 1696 485 1750 ‘nec
513 1691 613 1752 ille
644 1690 953 1766 Polyclitus
984 1700 1072 1751 est
1102 1706 1210 1750 nec
1242 1708 1353 1767 ego
1376 1689 1577 1749 Nero.'
1621 1689 1932 1751 Indulserat
1962 1702 2147 1753 tamen

161 1775 484 1853 petentibus
529 1774 881 1848 dilationem,
927 1777 1085 1833 cuius
1125 1783 1382 1852 tempore
1427 1783 1628 1834 exacto
1673 1772 2008 1834 consederat
2052 1794 2145 1835 au-

164 1858 394 1919 diturus.
471 1859 524 1917 A
575 1868 733 1939 parte
789 1858 1060 1919 heredum
1097 1860 1443 1919 intraverunt
1484 1855 1626 1926 duo;
1683 1859 1904 1916 omnino
1949 1868 2141 1937 postu·
2165 1871 2230 1922 lo

83 1943 419 2004 2olaverunt
476 1961 670 2004 omnes
717 1943 958 2004 heredes
998 1960 1188 2020 agere·
1218 1951 1590 2019 cogerentur,
1648 1959 1773 2000 cum
1815 1941 2145 2002 detulissent

164 2045 395 2106 omnes,
436 2039 529 2088 aut
561 2029 669 2088 sibi
709 2044 935 2106 quoque
970 2027 1249 2088 desistere
1283 2027 1715 2104 permitteretur.
1781 2023 2026 2086 Locutus
2057 2036 2146 2086 est
2166 2038 2227 2089 11

165 2111 376 2172 Caesar
417 2130 627 2172 summa
678 2114 985 2188 gravitate,
1040 2129 1250 2170 summa
1299 2109 1713 2183 moderatione,
1769 2126 2006 2188 cumque
2052 2110 2145 2170 ad·

162 2206 402 2256 vocatus
445 2197 777 2256 Senecionis
834 2205 893 2255 et
930 2195 1219 2271 Eurythmi
1263 2194 1497 2254 dixisset
1534 2193 1937 2271 suspitionibus
1980 2192 2146 2253 relin-

161 2284 262 2359 qui
292 2296 459 2357 reos,
490 2281 595 2339 nisi
623 2278 977 2353 audirentur,
1007 2285 1141 2338 ‘non
1172 2283 1332 2338 curo'
1362 2276 1551 2355 inquid
1581 2282 1675 2336 ‘an
1704 2279 1793 2336 isti
1827 2279 2146 2356 suspitioni·

11 2370 12 2441 ξ
84 2375 147 2427 25
164 2365 272 2424 bus
302 2363 705 2441 relinquantur,
737 2381 849 2441 ego
875 2363 1203 2441 relinquor'.
1248 2361 1393 2421 Dein
1413 2378 1718 2421 conversus
1737 2361 1806 2420 ad
1823 2378 1949 2438 nos,
1976 2367 1995 2394 ‘
2014 2357 2144 2420 ἐπι·
2168 2373 2232 2424 12

11 2444 12 2455 ’
164 2440 446 2526 στήσατε
478 2448 610 2526 quid
640 2447 834 2508 facere
865 2446 1198 2508 debeamus:
1239 2447 1331 2505 isti
1376 2447 1523 2505 enim
1565 2447 1724 2525 queri
1764 2445 1961 2507 volunt
1999 2445 2151 2524 quod

166 2534 275 2593 sibi
302 2550 415 2592 non
438 2532 659 2592 licuerit
690 2535 1002 2592 accusare’.
1042 2529 1179 2591 Tum
1207 2549 1281 2590 ex
1309 2529 1527 2590 consilii
1556 2530 1834 2590 sententia
1862 2531 2025 2590 iussit
2053 2529 2149 2588 de-

165 2618 404 2679 nuntiari
440 2615 745 2677 heredibus
786 2614 1040 2674 omnibus
1088 2624 1183 2673 aut
1221 2624 1457 2691 agerent
1496 2622 1589 2674 aut
1633 2612 1837 2689 singuli
1876 2612 2149 2691 adproba-

167 2709 294 2760 rent
315 2718 513 2760 causas
543 2717 654 2759 non
683 2697 915 2778 agendi;
961 2697 1169 2775 alioqui
1201 2716 1268 2757 se
1298 2697 1392 2757 vel
1427 2698 1497 2756 de
1529 2696 1797 2755 calumnia
1828 2699 2148 2774 pronuntia·

86 2796 368 2852 aoturum.
412 2783 583 2845 Vides
617 2801 781 2862 quam
808 2783 1064 2858 honesti,
1100 2800 1264 2860 quam
1292 2781 1479 2841 severi
1507 2779 1663 2855 dies,
1697 2796 1840 2856 quos
1870 2777 2148 2838 iucundis·
2168 2786 2234 2838 13

166 2871 342 2929 simae
377 2870 739 2929 remissiones
781 2865 1178 2944 sequebantur.
1237 2863 1657 2924 Adhibebamur
1696 2861 1902 2921 cotidie
1945 2879 2150 2921 cenae:

165 2962 289 3012 erat
318 2951 567 3029 modica,
611 2953 659 3011 si
704 2952 1015 3028 principem
1044 2950 1344 3025 cogitares.
1406 2945 1689 3006 Interdum
1718 2955 2027 3006 acroamata
2057 2964 2150 3005 au·

165 3037 489 3112 diebamus,
534 3034 805 3095 interdum
847 3031 1259 3093 iucundissimis
1302 3030 1650 3090 sermonibus
1678 3046 1792 3089 nox
1827 3028 2148 3089 ducebatur.

165 3121 394 3180 Summo
425 3120 516 3179 die
546 3119 879 3179 abeuntibus
907 3118 1072 3178 nobis
1104 3117 1247 3194 (tam
1274 3114 1515 3191 diligens
1548 3114 1605 3172 in
1635 3110 1878 3173 Caesare
1908 3114 2150 3173 humani·
2171 3121 2237 3174 14

84 3205 286 3282 astas)
316 3205 483 3264 xenia
514 3211 641 3263 sunt
668 3204 854 3262 missa.
897 3200 1011 3261 Sed
1040 3200 1170 3259 mihi
1202 3207 1263 3257 ut
1290 3199 1533 3275 gravitas
1560 3198 1971 3274 cognitionum,
2017 3213 2151 3258 con-

165 3287 280 3351 silii
308 3288 521 3361 honor,
565 3288 811 3353 suavitas
852 3283 1294 3363 simplicitasque
1337 3282 1663 3357 convictus,
1705 3282 1781 3341 ita
1821 3280 1984 3343 locus
2024 3285 2150 3359 ipse

164 3370 549 3452 periucundus
582 3370 703 3431 fuit.
759 3368 906 3428 Villa
932 3366 1307 3446 pulcherrima
1334 3366 1574 3443 cingitur
1599 3364 1948 3426 viridissimis
1976 3367 2148 3441 agris,
2176 3372 2234 3425 15

10 3420 18 3821 ὲ
164 3458 417 3519 imminet
456 3453 635 3532 litori,
689 3454 848 3515 cuius
898 3452 957 3513 in
999 3453 1123 3512 sinu
1162 3450 1222 3513 fit
1263 3466 1389 3510 cum
1426 3450 1660 3512 maxime
1698 3458 1912 3528 portus.
1973 3447 2148 3507 Huius

248 3545 396 3600 Pum
425 3542 522 3598 ΕΡ.
1791 3530 1834 3591 9
