2467 3850
317 136 437 199 122
1155 134 1223 197 C.
1267 134 1459 197 PLINI

234 302 298 356 13
316 295 514 365 satque
543 303 608 347 se
641 286 791 367 quod
821 307 911 349 me
927 297 1192 349 moretur.
1237 287 1354 349 Iam
1383 290 1544 366 cinis,
1573 288 1753 349 adhuc
1777 296 1961 350 tamen
1990 306 2178 351 rarus:
2210 309 2305 351 re-

316 373 529 450 spicio;
583 372 754 432 densa
798 373 982 451 caligo
1024 375 1202 450 tergis
1259 373 1609 450 imminebat,
1669 390 1817 453 quae
1866 392 1971 434 nos
2031 376 2304 436 torrentis

314 457 481 516 modo
520 455 702 517 infusa
741 465 925 517 terrae
960 456 1321 535 sequebatur.
1390 456 1815 517 ‘Deflectamus'
1856 459 2113 536 inquam,
2145 458 2303 517 ‘dum

314 540 569 600 videmus
597 559 671 599 ne
714 542 771 599 in
795 543 885 600 via
915 544 1069 601 strati
1101 543 1477 601 comitantium
1505 541 1664 601 turba
1691 542 1748 600 in
1780 543 2030 601 tenebris
2061 550 2299 620 optera-

233 640 300 692 14
316 629 481 684 mur’.
525 623 635 683 Vix
665 624 1114 702 consideramus,
1148 634 1206 685 et
1227 643 1363 702 nox,
1394 642 1504 684 non
1527 624 1704 702 qualis
1733 624 1934 685 inlunis
1962 634 2056 686 aut
2084 625 2294 703 nubila,
2316 644 2353 699 5

314 709 419 769 sed
451 706 631 787 qualis
670 709 724 767 in
755 706 901 768 locis
944 707 1149 769 clausis
1191 708 1399 769 lumine
1441 712 1708 768 extincto.
1772 709 2014 770 Audires
2053 709 2299 769 ululatus

314 793 669 869 feminarum,
701 792 963 852 infantum
1001 795 1323 871 quiritatus,
1365 791 1639 852 clamores
1669 793 1940 853 virorum:
1971 792 2062 853 alii
2095 812 2299 872 pareu-

313 885 437 952 tes,
479 875 570 935 alii
611 874 856 953 liberos,
906 875 997 936 alii
1028 878 1302 954 coniuges
1333 877 1569 936 vocibus
1612 877 2003 954 requirebant,
2055 878 2298 938 vocibus

315 960 695 1019 noscitabant:
746 959 803 1020 hi
843 979 1002 1021 suum
1034 978 1256 1037 casum,
1287 960 1367 1022 illi
1398 977 1623 1021 suorum
1661 960 2092 1021 miserabantur:
2139 969 2299 1021 erant

236 1059 299 1111 15
318 1045 412 1123 qui
451 1052 602 1104 metu
643 1044 838 1103 mortis
878 1053 1114 1105 mortem
1154 1053 1546 1122 precarentur:
1612 1042 1768 1102 multi
1808 1044 1876 1104 ad
1920 1044 2060 1104 deos
2102 1061 2296 1104 manus
2313 1057 2384 1111 10

317 1125 555 1203 tollere,
587 1127 782 1206 plures
809 1145 1080 1206 nusquam
1109 1130 1215 1187 iam
1247 1127 1389 1188 deos
1418 1126 1603 1205 ullos,
1634 1136 2028 1207 aeternamque
2058 1127 2209 1187 illam
2240 1136 2300 1187 et

315 1213 672 1272 novissimam
710 1220 934 1271 noctem
979 1211 1182 1272 mundo
1232 1211 1752 1290 interpretabantur.
1831 1211 1956 1271 Nec
2000 1211 2300 1272 defuerunt

317 1297 409 1374 qui
440 1295 584 1355 fictis
616 1297 973 1374 mentitisque
1003 1296 1311 1356 terroribus
1341 1313 1475 1355 vera
1504 1293 1757 1373 pericula
1788 1304 2076 1373 augerent.
2142 1295 2297 1355 Ade-

314 1388 440 1441 rant
469 1381 561 1457 qui
586 1378 785 1439 Miseni
814 1378 947 1438 illud
975 1381 1191 1457 ruisse,
1243 1378 1379 1439 illud
1412 1378 1611 1439 ardere
1654 1379 1832 1457 falso,
1872 1378 1975 1439 sed
2017 1378 2298 1439 credenti-

238 1475 298 1528 16
316 1465 420 1523 bus
454 1462 788 1540 nuntiabant.
852 1463 1079 1523 Paulum
1122 1461 1357 1532 reluxit;
1409 1461 1559 1541 quod
1584 1480 1695 1522 non
1725 1462 1846 1522 dies
1873 1464 2037 1523 nobis
2069 1463 2173 1523 sed
2200 1462 2297 1522 ad·
2315 1469 2382 1521 15

317 1550 593 1608 ventantis
637 1548 782 1624 ignis
831 1547 1089 1608 indicium
1132 1547 1441 1608 videbatur.
1504 1545 1580 1608 Et
1620 1547 1766 1623 ignis
1807 1546 2030 1625 quidem
2070 1546 2296 1623 longius

317 1632 585 1708 substitit,
617 1631 884 1691 tenebrae
912 1649 1125 1708 rursus,
1158 1633 1298 1691 cinis
1326 1648 1518 1691 rursus
1549 1629 1750 1691 multus
1783 1640 1841 1692 et
1867 1632 2075 1708 gravis.
2135 1630 2299 1689 Hunc

317 1715 618 1775 identidem
672 1714 1042 1792 adsurgentes
1103 1716 1559 1775 excutiebamus:
1635 1716 1819 1792 operti
1870 1714 2079 1792 alioqui
2110 1713 2299 1792 adque

233 1809 298 1864 17
316 1800 483 1860 etiam
522 1798 686 1859 oblisi
727 1799 980 1878 pondere
1021 1818 1298 1860 essemus.
1362 1798 1594 1861 Possem
1635 1797 1862 1875 gloriari
1890 1816 2001 1858 non
2029 1798 2300 1875 gemitum

315 1884 483 1962 mihi,
524 1901 637 1944 non
665 1901 868 1944 vocem
902 1902 1093 1965 pamm
1135 1884 1341 1944 fortem
1379 1885 1433 1942 in
1474 1883 1641 1943 tantis
1679 1882 1947 1961 periculis
1986 1880 2380 1959 excidisse,20

315 1971 422 2028 nisi
451 1987 539 2029 me
569 1986 695 2027 cum
727 1970 1014 2045 omnibus,
1048 1971 1232 2028 omnia
1260 1985 1480 2028 mecum
1509 1967 1699 2047 perire
1726 1969 1955 2048 misero,
1983 1984 2185 2044 magno
2212 1976 2296 2026 ta·

235 2063 301 2115 18
317 2071 445 2112 men
485 2051 830 2113 mortalitatis
874 2052 1089 2112 solacio
1132 2051 1516 2111 credidissem.
1579 2049 1824 2110 Tandem
1860 2050 1954 2110 illa
1993 2050 2177 2128 caligo
2209 2060 2297 2110 te-

315 2145 479 2196 nuata
510 2136 666 2213 quasi
711 2137 766 2193 in
805 2135 1012 2193 fumum
1049 2134 1382 2194 nebulamve
1425 2133 1715 2195 discessit:
1762 2152 1895 2195 mox
1932 2133 2053 2195 dies
2098 2152 2294 2210 verus,

321 2219 410 2280 sol
437 2220 603 2278 etiam
635 2215 877 2292 effulsit,
909 2217 1118 2277 luridus
1142 2226 1354 2291 tamen,
1392 2218 1572 2295 qualis
1602 2235 1763 2294 esse,
1790 2235 1916 2277 cum
1944 2216 2166 2293 deficit,
2203 2235 2297 2278 so-

318 2302 418 2364 let.
466 2299 847 2360 Occursabant
872 2300 1277 2377 trepidantibus
1306 2300 1487 2361 adbuc
1518 2301 1699 2360 oculis
1727 2311 1929 2361 mutata
1950 2303 2134 2362 omnia
2152 2301 2382 2363 alto-25

236 2396 303 2449 19
322 2401 433 2463 que
464 2385 676 2458 cinere,
707 2391 979 2461 tamquam
1005 2386 1155 2462 nive,
1188 2383 1449 2445 obducta.
1505 2384 1779 2462 Regressi
1805 2385 2102 2462 Misenum,
2136 2404 2296 2446 cura-

318 2469 389 2528 tis
419 2476 720 2544 utcumque
751 2467 1083 2544 corporibus
1113 2486 1445 2547 suspensam
1471 2468 1803 2547 dubiamque
1831 2478 2056 2529 noctem
2086 2486 2199 2547 spe
2228 2487 2300 2529 ac

320 2560 471 2611 metu
502 2551 813 2627 exegimuS.
850 2549 1034 2610 Metus
1058 2552 1445 2629 praevalebat:
1475 2570 1597 2612 nam
1630 2561 1687 2611 et
1713 2560 1922 2613 tremor
1949 2562 2133 2613 terrae
2165 2571 2301 2631 per-

321 2635 618 2696 severabat
648 2643 706 2694 et
734 2634 993 2712 plerique
1020 2636 1288 2715 lymphati
1312 2636 1570 2696 terrificis
1593 2636 2073 2697 vaticinationibus
2105 2646 2163 2697 et
2197 2655 2301 2697 sua
2451 2694 2456 2711 ὁ

235 2729 379 2781 20et
414 2718 595 2780 aliena
631 2717 772 2779 mala
812 2718 1254 2780 ludificabantur.
1319 2719 1497 2780 Nobis
1539 2729 1722 2779 tamen
1765 2739 1838 2781 ne
1872 2730 2006 2780 tunc
2047 2719 2383 2799 quidem,30

320 2821 643 2883 quamquam
684 2813 742 2864 et
779 2806 1030 2881 expertis
1074 2804 1383 2884 periculum
1414 2813 1472 2863 et
1515 2804 2006 2882 exspectantibus,
2055 2803 2302 2864 abeundi

320 2888 631 2964 consilium,
661 2887 845 2948 donec
875 2886 945 2947 de
976 2889 1252 2949 avunculo
1281 2888 1521 2947 nuntiuS.
1576 2886 1730 2946 Haec
1751 2905 2096 2966 nequaquam
2125 2887 2303 2947 histo-

318 2973 399 3030 ria
438 2970 603 3048 digna
640 2988 750 3031 non
780 2975 1094 3051 scripturus
1123 2971 1289 3050 leges
1324 2979 1383 3031 et
1415 2971 1545 3046 tibi,
1591 2971 1815 3032 scilicet
1855 2974 1949 3050 qui
1985 2972 2303 3049 requisisti,
2358 3022 2363 3027 ,

318 3055 628 3133 inputahis,
662 3057 710 3115 si
732 3055 897 3133 digna
923 3075 994 3116 ne
1020 3056 1266 3136 epistula
1298 3053 1521 3133 quidem
1547 3053 1904 3119 videbuntur.
1968 3054 2127 3116 Vale.

1233 3185 1387 3247 XXI.
1574 3231 1580 3237 .

870 3288 925 3340 c,
962 3287 1210 3339 PLles
1247 3285 1506 3337 cANlNlo
1539 3287 1659 3338 suo
1692 3286 1744 3340 S.

267 3403 299 3454 1
442 3391 573 3450 Sum
602 3409 676 3451 ex
703 3393 772 3453 iis
801 3392 893 3469 qui
920 3390 1182 3451 mirantur
1209 3391 1501 3467 antiquos,
1552 3406 1666 3449 nou
1696 3398 1915 3466 tamen,
1959 3398 2020 3449 ut
2055 3388 2306 3470 quidam,

2317 3143 2383 3199 35
