2467 3850
312 150 436 215 248
1161 152 1227 215 G.
1258 151 1450 214 PLINI

312 316 444 366 tunc
471 322 697 384 quoque
719 304 937 365 invidus
965 306 1301 386 imperator,
1331 322 1458 365 cum
1480 323 1593 385 ope
1616 320 1804 365 earum
1825 304 2138 381 indigeret,
2162 315 2286 366 tan-

311 400 420 449 tam
448 390 859 449 admirationem
877 391 957 449 tui
984 407 1095 449 non
1111 392 1232 449 sine
1253 388 1493 467 quodam
1510 391 1705 448 timore
1725 390 2076 465 conceperit,
2110 407 2284 467 quan-

311 482 419 531 tam
446 472 540 533 ille
569 475 792 549 genitus
806 471 943 532 Iove
975 481 1105 552 post
1135 489 1341 533 saevos
1370 471 1593 533 labores
1626 470 1870 548 duraque
1897 472 2129 548 imperia
2151 475 2282 550 regi

310 572 414 616 suo
454 555 748 616 indomitus
790 573 1017 634 semper
1056 555 1489 634 indefessusque
1521 555 1835 622 referebam
1875 572 2000 613 cum
2031 553 2154 616 aliis
2186 575 2282 615 su·

213 643 291 708 15
312 656 419 717 per
457 637 595 701 alias
635 639 1082 717 expeditionibus
1119 641 1318 699 itinere
1353 638 1451 700 illo
1492 639 1692 716 dignus
1729 638 2074 699 invenireris.
2158 638 2278 697 Tri·
2295 649 2331 700 5

313 724 491 783 bunus
519 739 660 782 vero
689 723 1147 784 disiunctissimas
1185 732 1364 783 terras
1398 725 1610 783 teneris
1651 719 1832 780 adhuc
1872 723 2025 782 annis
2053 722 2158 780 viri
2188 723 2281 781 fir·

308 808 495 866 mitate
525 806 772 867 lustrasti
787 852 805 882 ,
847 807 953 865 iam
991 816 1124 866 tunc
1151 815 1549 885 praemonente
1577 806 1795 865 fortuna
1819 813 1880 863 ut
1907 803 1997 863 diu
2029 807 2279 883 penitus·

312 906 421 967 que
450 890 807 968 perdisceres
836 907 980 967 quae
1017 905 1148 949 mox
1187 892 1523 968 praecipere
1567 889 1828 949 deberes.
1898 886 2098 966 Neque
2129 892 2279 947 enim

311 975 679 1051 prospexisse
710 983 891 1033 castra
920 973 1263 1050 brevemque
1292 973 1535 1033 militiam
1565 973 1721 1052 quasi
1746 974 2013 1032 transisse
2045 981 2276 1031 conten·

312 1066 432 1133 tus,
474 1058 549 1117 ita
579 1057 746 1133 egisti
771 1056 1049 1117 tribunum
1077 1066 1138 1116 ut
1165 1074 1300 1116 esse
1340 1056 1453 1117 dux
1478 1059 1660 1116 statim
1685 1072 1892 1134 posses
1919 1054 2164 1133 nihilque
2196 1055 2277 1115 di·
2296 1070 2362 1122 ιο

309 1139 580 1200 scendum
608 1140 849 1201 haberes
876 1150 1132 1218 tempore
1161 1138 1418 1200 docendi.
1485 1135 1814 1217 cognovisti
1855 1156 1960 1217 per
1998 1139 2276 1217 stipendia

309 1222 508 1283 decem
535 1240 721 1283 mores
761 1226 1044 1301 gentium,
1084 1225 1377 1300 regionum
1416 1225 1589 1301 situs,
1631 1223 2074 1301 opportunitates
2117 1221 2278 1283 loco-

307 1325 459 1384 rum,
504 1316 562 1367 et
591 1306 865 1367 diversam
897 1325 1156 1386 aquarum
1184 1306 1439 1386 caelique
1469 1309 1797 1387 temperiem
1824 1315 1884 1364 ut
1910 1308 2117 1385 patrios
2152 1306 2276 1366 fon·

307 1401 395 1451 tes
436 1392 782 1468 patriumque
827 1389 980 1451 sidus
1021 1390 1171 1451 ferre
1202 1394 1506 1451 consuesti.
1578 1389 1850 1464 Quotiens
1878 1405 2091 1468 equos,
2135 1407 2275 1467 quo·

308 1475 452 1533 tiens
496 1475 722 1533 emerita
761 1490 909 1533 arma
946 1475 1197 1535 mutasti!
1265 1474 1469 1535 Veniet
1497 1491 1636 1551 ergo
1663 1484 1885 1552 tempus
1915 1491 2025 1550 quo
2056 1475 2269 1551 posteri
2293 1482 2358 1535 15

306 1559 495 1616 visere
535 1556 940 1635 visendamque
975 1558 1198 1618 tradere
1237 1559 1542 1618 minoribus
1584 1560 1701 1618 suis
1734 1559 1981 1634 gestient
2011 1559 2134 1635 quis
2175 1575 2274 1616 su-

308 1640 475 1699 dores
514 1649 642 1700 tuos
681 1640 928 1701 hauserit
971 1659 1234 1719 campus,
1290 1660 1432 1721 quae
1474 1641 1819 1702 refectiones
1858 1650 1980 1702 tuas
2018 1642 2274 1717 arbores,

308 1740 452 1801 quae
480 1741 731 1784 somnum
759 1742 893 1785 saxa
919 1727 1330 1804 praetexerint‚
1362 1724 1512 1804 quod
1544 1724 1786 1803 denique
1815 1733 2025 1784 tectum
2043 1742 2274 1801 magnus

307 1807 517 1885 hospes
547 1806 850 1887 inpleveris
868 1855 885 1886 ‚
915 1818 976 1868 ut
1007 1819 1140 1869 tunc
1170 1810 1283 1886 ipsi
1313 1809 1413 1869 tibi
1443 1812 1746 1886 ingentium
1773 1808 1973 1867 ducum
2001 1825 2159 1869 sacra
2174 1825 2274 1867 ve-

306 1893 469 1969 stigia
515 1891 692 1953 isdem
739 1895 793 1953 in
840 1892 988 1954 locis
1028 1893 1487 1954 monstrabantur.
1574 1892 1782 1954 Verum
1819 1891 1963 1953 haec
2007 1892 2167 1953 olim:
2218 1894 2360 1958 inzo

305 1978 622 2052 praesentia
651 1977 905 2055 quidem,
939 1978 1194 2056 quisquis
1216 1977 1385 2055 paulo
1409 1980 1684 2038 vetustior
1704 1976 1865 2036 miles
1882 2022 1900 2053 ‚
1929 1977 2021 2036 hic
2044 1985 2100 2036 te
2123 1994 2275 2036 com-

304 2058 551 2120 militone
577 2070 859 2120 censetur.
904 2061 1123 2135 Quotus
1147 2064 1292 2121 enim
1316 2064 1553 2140 quisque
1577 2062 1734 2122 cuius
1752 2071 1813 2121 tu
1834 2078 1946 2119 non
1967 2069 2096 2120 ante
2121 2077 2273 2119 com-

306 2142 477 2202 milito
509 2161 670 2221 quam
703 2142 1043 2223 imperator?
1110 2144 1248 2205 Inde
1292 2156 1382 2205 est
1424 2145 1576 2223 quod
1618 2162 1798 2222 prope
1825 2160 2023 2204 omnes
2049 2145 2273 2203 nomine

306 2224 593 2303 appellas,
646 2228 796 2304 quod
836 2228 1181 2305 singulorum
1220 2228 1384 2290 fortia
1423 2229 1570 2289 facta
1598 2244 2006 2295 conmemoras;
2040 2245 2149 2287 nec
2176 2227 2271 2287 ha-

305 2308 439 2367 bent
474 2308 874 2372 adnumeranda
905 2313 1005 2372 tibi
1043 2330 1147 2390 pro
1183 2331 1248 2372 re
1290 2311 1514 2390 publica
1541 2311 1801 2389 vulnera,
1858 2311 2059 2389 quibus
2088 2311 2271 2370 statim
2286 2316 2355 2370 25

308 2400 364 2450 et
392 2390 643 2452 laudator
672 2404 729 2454 et
756 2398 917 2455 testis
951 2397 1255 2473 contigisti.

209 2484 287 2547 16
431 2475 548 2536 Sed
590 2485 743 2536 tanto
784 2482 960 2555 magis
1000 2478 1370 2557 praedicanda
1408 2478 1716 2539 moderatio
1755 2485 1878 2554 tua,
1924 2475 2075 2556 quod
2112 2476 2270 2536 innu-

308 2560 466 2618 tritus
509 2559 734 2620 bellicis
775 2562 1028 2622 laudibus
1066 2580 1268 2642 pacem
1305 2580 1489 2639 amas,
1542 2579 1652 2622 nec
1692 2565 1819 2639 quia
1856 2561 1950 2620 vel
1981 2568 2140 2640 pater
2168 2560 2272 2620 tibi

302 2643 647 2723 triumphalis
687 2645 783 2706 vel
829 2645 1144 2724 adoptionis
1172 2655 1300 2706 tuae
1329 2646 1419 2706 die
1451 2645 1632 2707 dicata
1662 2643 1980 2722 Capitolino
2006 2644 2128 2704 Iovi
2155 2643 2270 2703 lau·

299 2745 395 2787 rus
412 2773 428 2805 ‚
464 2728 678 2789 idcirco
707 2747 780 2789 ex
807 2732 1107 2790 occasione
1136 2731 1282 2789 omni
1315 2731 1534 2808 quaeris
1564 2728 1892 2805 triumphos.
1951 2727 2078 2788 Non
2107 2729 2354 2787 timessso

299 2811 451 2871 bella
476 2830 585 2873 nec
616 2830 917 2891 provocas.
958 2812 1217 2891 Magnum
1239 2823 1349 2891 est,
1383 2817 1684 2892 imperator
1708 2813 1989 2889 Auguste,
2016 2829 2273 2888 magnum

302 2904 391 2953 est
420 2903 569 2956 stare
599 2897 655 2955 in
682 2895 920 2957 Danubii
948 2900 1100 2975 ripa,
1152 2900 1200 2957 si
1239 2906 1522 2973 transeas,
1575 2907 1788 2956 certum
1820 2896 2111 2974 triumphi,
2161 2912 2273 2954 nec

305 2974 598 3038 decertare
646 2997 859 3057 cupere
909 2998 1034 3041 cum
1071 2982 1491 3050 recusantibus-;
1531 2998 1765 3059 quorum
1792 2979 2026 3040 alterum
2055 2979 2273 3039 fortitu-

305 3056 466 3134 dine,
519 3060 753 3121 alterum
789 3062 1168 3124 moderatione
1207 3064 1466 3125 efficitur.
1538 3064 1678 3124 Nam
1721 3074 1781 3124 ut
1819 3066 1946 3143 ipse
1983 3062 2128 3123 nolis
2168 3079 2272 3140 pu-

304 3157 512 3217 gnare,
565 3144 901 3224 moderatio,
954 3146 1222 3208 fortitudo
1266 3157 1358 3207 tua
1384 3157 1635 3226 praestat
1659 3156 1720 3207 ut
1747 3165 1936 3225 neque
1962 3146 2158 3207 hostes
2188 3147 2355 3209 tui35

302 3222 493 3281 velint.
562 3224 823 3305 Accipiet
852 3247 993 3306 ergo
1032 3229 1327 3308 aliquando
1358 3229 1694 3310 Capitolium
1720 3249 1832 3291 non
1864 3232 2114 3290 mimicos
2146 3247 2274 3289 cur-

301 3322 400 3363 rus
429 3321 538 3363 nec
568 3306 743 3366 falsae
773 3312 1064 3372 simulacra
1094 3316 1395 3391 victoriae,
1430 3314 1534 3374 sed
1565 3316 1961 3391 imperatorem
1986 3330 2176 3374 veram
2204 3331 2274 3373 ac

305 3385 544 3446 solidam
576 3387 807 3466 gloriam
842 3403 1219 3471 reportantem
1256 3397 1710 3476 tranquillitatem
1752 3407 1810 3458 et
1854 3405 1966 3458 tam
2008 3397 2276 3458 confessa
