<?xml version="1.0" encoding="UTF-8"?>
<!DOCTYPE html PUBLIC "-//W3C//DTD XHTML 1.0 Transitional//EN"
    "http://www.w3.org/TR/xhtml1/DTD/xhtml1-transitional.dtd">
<html xmlns="http://www.w3.org/1999/xhtml" xml:lang="en" lang="en">
 <head>
  <title>
</title>
<meta http-equiv="Content-Type" content="text/html;charset=utf-8" />
  <meta name='ocr-system' content='tesseract 3.04.00' />
  <meta name='ocr-capabilities' content='ocr_page ocr_carea ocr_par ocr_line ocrx_word'/>
</head>
<body>
  <div class='ocr_page' id='page_1' title='image "./cplinicaecilise00unkngoog_0227.png"; bbox 0 0 2467 3850; ppageno 0'>
   <div class='ocr_carea' id='block_1_1' title="bbox 565 209 2143 280">
    <p class='ocr_par' dir='ltr' id='par_1_1' title="bbox 565 209 2143 280">
     <span class='ocr_line' id='line_1_1' title="bbox 565 209 2143 280; baseline 0.003 -6"><span class='ocrx_word' id='word_1_1' title='bbox 565 209 1087 274; x_wconf 77' lang='lat' dir='ltr'>EPISTULARUM</span> <span class='ocrx_word' id='word_1_2' title='bbox 1113 209 1291 273; x_wconf 84' lang='lat' dir='ltr'><strong>vnn.</strong></span> <span class='ocrx_word' id='word_1_3' title='bbox 1314 220 1402 276; x_wconf 85' lang='lat'><strong>37.</strong></span> <span class='ocrx_word' id='word_1_4' title='bbox 1422 222 1509 276; x_wconf 82' lang='lat'><strong>38.</strong></span> <span class='ocrx_word' id='word_1_5' title='bbox 1533 221 1617 277; x_wconf 82' lang='lat'><strong>39.</strong></span> <span class='ocrx_word' id='word_1_6' title='bbox 1641 221 1729 276; x_wconf 82' lang='lat'><strong>40.</strong></span> <span class='ocrx_word' id='word_1_7' title='bbox 2024 212 2143 280; x_wconf 83' lang='lat'><strong>197</strong></span> 
     </span>
    </p>
   </div>
   <div class='ocr_carea' id='block_1_2' title="bbox 91 363 2206 3127">
    <p class='ocr_par' dir='ltr' id='par_1_2' title="bbox 91 363 2199 2164">
     <span class='ocr_line' id='line_1_2' title="bbox 167 363 2144 443; baseline 0.002 -19"><span class='ocrx_word' id='word_1_8' title='bbox 167 363 412 443; x_wconf 87' lang='lat' dir='ltr'><strong>praediis</strong></span> <span class='ocrx_word' id='word_1_9' title='bbox 447 366 501 423; x_wconf 90' lang='lat' dir='ltr'><strong>in</strong></span> <span class='ocrx_word' id='word_1_10' title='bbox 529 364 734 424; x_wconf 89' lang='lat' dir='ltr'><strong>melius</strong></span> <span class='ocrx_word' id='word_1_11' title='bbox 768 373 826 425; x_wconf 88' lang='lat' dir='ltr'><strong>et</strong></span> <span class='ocrx_word' id='word_1_12' title='bbox 857 365 912 423; x_wconf 89' lang='lat' dir='ltr'><strong>in</strong></span> <span class='ocrx_word' id='word_1_13' title='bbox 941 364 1148 441; x_wconf 88' lang='lat' dir='ltr'><strong>maius,</strong></span> <span class='ocrx_word' id='word_1_14' title='bbox 1183 372 1350 424; x_wconf 87' lang='lat' dir='ltr'><strong>vetus</strong></span> <span class='ocrx_word' id='word_1_15' title='bbox 1381 380 1515 424; x_wconf 89' lang='lat' dir='ltr'><strong>sane</strong></span> <span class='ocrx_word' id='word_1_16' title='bbox 1541 373 1598 425; x_wconf 88' lang='lat' dir='ltr'><strong>et</strong></span> <span class='ocrx_word' id='word_1_17' title='bbox 1631 374 1887 443; x_wconf 88' lang='lat' dir='ltr'><strong>angusta,</strong></span> <span class='ocrx_word' id='word_1_18' title='bbox 1920 383 2044 425; x_wconf 93' lang='lat' dir='ltr'><strong>cum</strong></span> <span class='ocrx_word' id='word_1_19' title='bbox 2074 370 2144 427; x_wconf 88' lang='lat' dir='ltr'><strong>sit</strong></span> 
     </span>
     <span class='ocr_line' id='line_1_3' title="bbox 166 446 2194 527; baseline 0.002 -20"><span class='ocrx_word' id='word_1_20' title='bbox 166 447 374 527; x_wconf 82' lang='lat' dir='ltr'><strong>alioqui</strong></span> <span class='ocrx_word' id='word_1_21' title='bbox 417 457 563 508; x_wconf 89' lang='lat' dir='ltr'><strong>stato</strong></span> <span class='ocrx_word' id='word_1_22' title='bbox 618 447 709 508; x_wconf 87' lang='lat' dir='ltr'><strong>die</strong></span> <span class='ocrx_word' id='word_1_23' title='bbox 752 449 1225 527; x_wconf 85' lang='lat' dir='ltr'><strong>frequentissima.</strong></span> <span class='ocrx_word' id='word_1_24' title='bbox 1298 446 1438 507; x_wconf 85' lang='lat' dir='ltr'><strong>Nam</strong></span> <span class='ocrx_word' id='word_1_25' title='bbox 1483 446 1675 509; x_wconf 87' lang='lat' dir='ltr'><strong>Idibus</strong></span> <span class='ocrx_word' id='word_1_26' title='bbox 1717 448 2194 525; x_wconf 83' lang='lat' dir='ltr'><strong>Septembribus2</strong></span> 
     </span>
     <span class='ocr_line' id='line_1_4' title="bbox 165 530 2146 611; baseline 0.003 -21"><span class='ocrx_word' id='word_1_27' title='bbox 165 549 395 610; x_wconf 85' lang='lat' dir='ltr'><strong>magnus</strong></span> <span class='ocrx_word' id='word_1_28' title='bbox 428 553 462 593; x_wconf 89' lang='lat' dir='ltr'><strong>e</strong></span> <span class='ocrx_word' id='word_1_29' title='bbox 487 534 726 610; x_wconf 82' lang='lat' dir='ltr'><strong>regione</strong></span> <span class='ocrx_word' id='word_1_30' title='bbox 758 541 876 593; x_wconf 89' lang='lat' dir='ltr'><strong>tota</strong></span> <span class='ocrx_word' id='word_1_31' title='bbox 903 534 1025 592; x_wconf 88' lang='lat' dir='ltr'><strong>coit</strong></span> <span class='ocrx_word' id='word_1_32' title='bbox 1042 530 1312 611; x_wconf 89' lang='lat' dir='ltr'><strong>populus,</strong></span> <span class='ocrx_word' id='word_1_33' title='bbox 1337 530 1550 591; x_wconf 84' lang='lat' dir='ltr'><strong>multae</strong></span> <span class='ocrx_word' id='word_1_34' title='bbox 1566 549 1662 593; x_wconf 89' lang='lat' dir='ltr'><strong>res</strong></span> <span class='ocrx_word' id='word_1_35' title='bbox 1687 541 1943 610; x_wconf 78' lang='lat' dir='ltr'><strong>aguntur,</strong></span> <span class='ocrx_word' id='word_1_36' title='bbox 1975 534 2146 595; x_wconf 89' lang='lat' dir='ltr'><strong>multa</strong></span> 
     </span>
     <span class='ocr_line' id='line_1_5' title="bbox 164 614 2142 695; baseline 0.001 -21"><span class='ocrx_word' id='word_1_37' title='bbox 164 625 295 676; x_wconf 84' lang='lat' dir='ltr'><strong>vota</strong></span> <span class='ocrx_word' id='word_1_38' title='bbox 322 618 723 693; x_wconf 87' lang='lat' dir='ltr'><strong>suscipiuntur,</strong></span> <span class='ocrx_word' id='word_1_39' title='bbox 759 615 929 676; x_wconf 92' lang='lat' dir='ltr'><strong>multa</strong></span> <span class='ocrx_word' id='word_1_40' title='bbox 952 615 1278 693; x_wconf 88' lang='lat' dir='ltr'><strong>redduntur,</strong></span> <span class='ocrx_word' id='word_1_41' title='bbox 1311 614 1412 676; x_wconf 88' lang='lat' dir='ltr'><strong>sed</strong></span> <span class='ocrx_word' id='word_1_42' title='bbox 1435 614 1646 677; x_wconf 87' lang='lat' dir='ltr'><strong>nullum</strong></span> <span class='ocrx_word' id='word_1_43' title='bbox 1668 617 1723 675; x_wconf 91' lang='lat' dir='ltr'><strong>in</strong></span> <span class='ocrx_word' id='word_1_44' title='bbox 1747 618 2003 695; x_wconf 88' lang='lat' dir='ltr'><strong>proximo</strong></span> <span class='ocrx_word' id='word_1_45' title='bbox 2027 617 2142 678; x_wconf 83' lang='lat' dir='ltr'><strong>suf-</strong></span> 
     </span>
     <span class='ocr_line' id='line_1_6' title="bbox 118 698 2196 778; baseline 0 -14"><span class='ocrx_word' id='word_1_46' title='bbox 118 699 382 778; x_wconf 83' lang='lat' dir='ltr'><strong>5fugium</strong></span> <span class='ocrx_word' id='word_1_47' title='bbox 410 711 503 761; x_wconf 88' lang='lat' dir='ltr'><strong>aut</strong></span> <span class='ocrx_word' id='word_1_48' title='bbox 540 701 735 761; x_wconf 86' lang='lat' dir='ltr'><strong>imbris</strong></span> <span class='ocrx_word' id='word_1_49' title='bbox 771 711 867 760; x_wconf 82' lang='lat' dir='ltr'><strong>ant</strong></span> <span class='ocrx_word' id='word_1_50' title='bbox 898 699 1057 761; x_wconf 89' lang='lat' dir='ltr'><strong>solis.</strong></span> <span class='ocrx_word' id='word_1_51' title='bbox 1111 698 1327 759; x_wconf 88' lang='lat' dir='ltr'><strong>Videor</strong></span> <span class='ocrx_word' id='word_1_52' title='bbox 1366 717 1505 777; x_wconf 88' lang='lat' dir='ltr'><strong>ergo</strong></span> <span class='ocrx_word' id='word_1_53' title='bbox 1536 699 1793 760; x_wconf 81' lang='lat' dir='ltr'><strong>munifice</strong></span> <span class='ocrx_word' id='word_1_54' title='bbox 1820 700 1985 762; x_wconf 89' lang='lat' dir='ltr'><strong>simul</strong></span> <span class='ocrx_word' id='word_1_55' title='bbox 2011 701 2196 765; x_wconf 83' lang='lat' dir='ltr'><strong>reli-3</strong></span> 
     </span>
     <span class='ocr_line' id='line_1_7' title="bbox 166 783 2141 864; baseline 0.001 -20"><span class='ocrx_word' id='word_1_56' title='bbox 166 786 445 864; x_wconf 79' lang='lat' dir='ltr'><strong>gioseque</strong></span> <span class='ocrx_word' id='word_1_57' title='bbox 486 785 770 863; x_wconf 84' lang='lat' dir='ltr'><strong>facturus,</strong></span> <span class='ocrx_word' id='word_1_58' title='bbox 827 786 881 845; x_wconf 92' lang='lat' dir='ltr'><strong>si</strong></span> <span class='ocrx_word' id='word_1_59' title='bbox 915 783 1114 844; x_wconf 83' lang='lat' dir='ltr'><strong>aedem</strong></span> <span class='ocrx_word' id='word_1_60' title='bbox 1151 800 1314 862; x_wconf 82' lang='lat' dir='ltr'><strong>quam</strong></span> <span class='ocrx_word' id='word_1_61' title='bbox 1350 783 1778 862; x_wconf 82' lang='lat' dir='ltr'><strong>pulcherrimam</strong></span> <span class='ocrx_word' id='word_1_62' title='bbox 1816 794 2141 862; x_wconf 81' lang='lat' dir='ltr'><strong>extruxere,</strong></span> 
     </span>
     <span class='ocr_line' id='line_1_8' title="bbox 165 866 2140 947; baseline 0.001 -20"><span class='ocrx_word' id='word_1_63' title='bbox 165 867 432 929; x_wconf 81' lang='lat' dir='ltr'><strong>addidero</strong></span> <span class='ocrx_word' id='word_1_64' title='bbox 461 870 716 947; x_wconf 89' lang='lat' dir='ltr'><strong>porticus</strong></span> <span class='ocrx_word' id='word_1_65' title='bbox 745 868 903 946; x_wconf 86' lang='lat' dir='ltr'><strong>aedi,</strong></span> <span class='ocrx_word' id='word_1_66' title='bbox 935 867 1087 929; x_wconf 88' lang='lat' dir='ltr'><strong>illam</strong></span> <span class='ocrx_word' id='word_1_67' title='bbox 1113 867 1184 929; x_wconf 91' lang='lat' dir='ltr'><strong>ad</strong></span> <span class='ocrx_word' id='word_1_68' title='bbox 1214 886 1377 929; x_wconf 88' lang='lat' dir='ltr'><strong>usum</strong></span> <span class='ocrx_word' id='word_1_69' title='bbox 1407 866 1546 927; x_wconf 88' lang='lat' dir='ltr'><strong>deae</strong></span> <span class='ocrx_word' id='word_1_70' title='bbox 1564 912 1582 945; x_wconf 92' lang='lat'><strong>,</strong></span> <span class='ocrx_word' id='word_1_71' title='bbox 1617 867 1717 928; x_wconf 87' lang='lat' dir='ltr'><strong>has</strong></span> <span class='ocrx_word' id='word_1_72' title='bbox 1746 869 1814 928; x_wconf 92' lang='lat' dir='ltr'><strong>ad</strong></span> <span class='ocrx_word' id='word_1_73' title='bbox 1843 867 2140 928; x_wconf 88' lang='lat' dir='ltr'><strong>hominum.</strong></span> 
     </span>
     <span class='ocr_line' id='line_1_9' title="bbox 164 951 2145 1031; baseline 0.002 -22"><span class='ocrx_word' id='word_1_74' title='bbox 164 951 348 1011; x_wconf 89' lang='lat' dir='ltr'><strong>Velim</strong></span> <span class='ocrx_word' id='word_1_75' title='bbox 375 970 520 1031; x_wconf 87' lang='lat' dir='ltr'><strong>ergo</strong></span> <span class='ocrx_word' id='word_1_76' title='bbox 550 970 703 1014; x_wconf 85' lang='lat' dir='ltr'><strong>emas</strong></span> <span class='ocrx_word' id='word_1_77' title='bbox 733 961 994 1031; x_wconf 85' lang='lat' dir='ltr'><strong>quattuor</strong></span> <span class='ocrx_word' id='word_1_78' title='bbox 1022 969 1361 1013; x_wconf 80' lang='lat' dir='ltr'><strong>marmoreas</strong></span> <span class='ocrx_word' id='word_1_79' title='bbox 1394 951 1680 1012; x_wconf 83' lang='lat' dir='ltr'><strong>columnas</strong></span> <span class='ocrx_word' id='word_1_80' title='bbox 1697 997 1714 1029; x_wconf 90' lang='lat'>‚</span> <span class='ocrx_word' id='word_1_81' title='bbox 1748 953 1906 1013; x_wconf 80' lang='lat' dir='ltr'><strong>cuius</strong></span> <span class='ocrx_word' id='word_1_82' title='bbox 1938 953 2039 1013; x_wconf 82' lang='lat' dir='ltr'><strong>tibi</strong></span> <span class='ocrx_word' id='word_1_83' title='bbox 2064 954 2145 1012; x_wconf 88' lang='lat' dir='ltr'><strong>vi·</strong></span> 
     </span>
     <span class='ocr_line' id='line_1_10' title="bbox 167 1033 2144 1115; baseline 0 -19"><span class='ocrx_word' id='word_1_84' title='bbox 167 1035 386 1096; x_wconf 88' lang='lat' dir='ltr'><strong>debitur</strong></span> <span class='ocrx_word' id='word_1_85' title='bbox 412 1039 665 1114; x_wconf 84' lang='lat' dir='ltr'><strong>generis,</strong></span> <span class='ocrx_word' id='word_1_86' title='bbox 700 1054 853 1098; x_wconf 88' lang='lat' dir='ltr'><strong>emas</strong></span> <span class='ocrx_word' id='word_1_87' title='bbox 874 1054 1164 1114; x_wconf 90' lang='lat' dir='ltr'><strong>marmora,</strong></span> <span class='ocrx_word' id='word_1_88' title='bbox 1201 1036 1404 1114; x_wconf 85' lang='lat' dir='ltr'><strong>quibus</strong></span> <span class='ocrx_word' id='word_1_89' title='bbox 1431 1033 1636 1113; x_wconf 88' lang='lat' dir='ltr'><strong>solum,</strong></span> <span class='ocrx_word' id='word_1_90' title='bbox 1671 1037 1873 1114; x_wconf 86' lang='lat' dir='ltr'><strong>quibus</strong></span> <span class='ocrx_word' id='word_1_91' title='bbox 1898 1038 2144 1115; x_wconf 85' lang='lat' dir='ltr'><strong>parietes</strong></span> 
     </span>
     <span class='ocr_line' id='line_1_11' title="bbox 91 1119 2198 1198; baseline 0.001 -18"><span class='ocrx_word' id='word_1_92' title='bbox 91 1128 155 1181; x_wconf 86' lang='lat'><strong>10</strong></span> <span class='ocrx_word' id='word_1_93' title='bbox 171 1120 512 1181; x_wconf 82' lang='lat' dir='ltr'><strong>excolantur.</strong></span> <span class='ocrx_word' id='word_1_94' title='bbox 556 1119 682 1181; x_wconf 90' lang='lat' dir='ltr'><strong>Erit</strong></span> <span class='ocrx_word' id='word_1_95' title='bbox 710 1123 876 1181; x_wconf 88' lang='lat' dir='ltr'><strong>etiam</strong></span> <span class='ocrx_word' id='word_1_96' title='bbox 908 1119 1003 1181; x_wconf 84' lang='lat' dir='ltr'><strong>vel</strong></span> <span class='ocrx_word' id='word_1_97' title='bbox 1031 1119 1346 1181; x_wconf 83' lang='lat' dir='ltr'><strong>faciendum</strong></span> <span class='ocrx_word' id='word_1_98' title='bbox 1366 1119 1460 1179; x_wconf 84' lang='lat' dir='ltr'><strong>vel</strong></span> <span class='ocrx_word' id='word_1_99' title='bbox 1488 1119 1779 1180; x_wconf 87' lang='lat' dir='ltr'><strong>emendum</strong></span> <span class='ocrx_word' id='word_1_100' title='bbox 1802 1121 1981 1198; x_wconf 88' lang='lat' dir='ltr'><strong>ipsius</strong></span> <span class='ocrx_word' id='word_1_101' title='bbox 2007 1119 2144 1180; x_wconf 88' lang='lat' dir='ltr'><strong>deae</strong></span> <span class='ocrx_word' id='word_1_102' title='bbox 2162 1132 2198 1184; x_wconf 87' lang='lat'>4</span> 
     </span>
     <span class='ocr_line' id='line_1_12' title="bbox 169 1203 2144 1283; baseline 0.001 -19"><span class='ocrx_word' id='word_1_103' title='bbox 169 1206 420 1283; x_wconf 88' lang='lat' dir='ltr'><strong>signum,</strong></span> <span class='ocrx_word' id='word_1_104' title='bbox 473 1205 601 1283; x_wconf 88' lang='lat' dir='ltr'><strong>quia</strong></span> <span class='ocrx_word' id='word_1_105' title='bbox 640 1206 925 1283; x_wconf 88' lang='lat' dir='ltr'><strong>antiquum</strong></span> <span class='ocrx_word' id='word_1_106' title='bbox 962 1203 1100 1265; x_wconf 88' lang='lat' dir='ltr'><strong>illud</strong></span> <span class='ocrx_word' id='word_1_107' title='bbox 1146 1224 1181 1265; x_wconf 89' lang='lat' dir='ltr'><strong>e</strong></span> <span class='ocrx_word' id='word_1_108' title='bbox 1219 1203 1376 1281; x_wconf 89' lang='lat' dir='ltr'><strong>ligno</strong></span> <span class='ocrx_word' id='word_1_109' title='bbox 1412 1203 1739 1281; x_wconf 86' lang='lat' dir='ltr'><strong>quibusdam</strong></span> <span class='ocrx_word' id='word_1_110' title='bbox 1769 1205 1853 1263; x_wconf 88' lang='lat' dir='ltr'><strong>sui</strong></span> <span class='ocrx_word' id='word_1_111' title='bbox 1893 1204 2144 1282; x_wconf 89' lang='lat' dir='ltr'><strong>partibus</strong></span> 
     </span>
     <span class='ocr_line' id='line_1_13' title="bbox 167 1286 2198 1366; baseline -0 -19"><span class='ocrx_word' id='word_1_112' title='bbox 167 1297 448 1350; x_wconf 85' lang='lat' dir='ltr'><strong>vetustate</strong></span> <span class='ocrx_word' id='word_1_113' title='bbox 485 1296 798 1348; x_wconf 87' lang='lat' dir='ltr'><strong>truncatum</strong></span> <span class='ocrx_word' id='word_1_114' title='bbox 838 1298 946 1352; x_wconf 87' lang='lat' dir='ltr'><strong>est.</strong></span> <span class='ocrx_word' id='word_1_115' title='bbox 1013 1286 1291 1361; x_wconf 82' lang='lat' dir='ltr'><strong>Quantum</strong></span> <span class='ocrx_word' id='word_1_116' title='bbox 1328 1287 1399 1348; x_wconf 91' lang='lat' dir='ltr'><strong>ad</strong></span> <span class='ocrx_word' id='word_1_117' title='bbox 1442 1290 1727 1366; x_wconf 88' lang='lat' dir='ltr'><strong>porticus,</strong></span> <span class='ocrx_word' id='word_1_118' title='bbox 1761 1287 1899 1348; x_wconf 88' lang='lat' dir='ltr'><strong>nihil</strong></span> <span class='ocrx_word' id='word_1_119' title='bbox 1930 1286 2148 1348; x_wconf 86' lang='lat' dir='ltr'><strong>interim</strong></span> <span class='ocrx_word' id='word_1_120' title='bbox 2165 1299 2198 1352; x_wconf 84' lang='lat'><strong>5</strong></span> 
     </span>
     <span class='ocr_line' id='line_1_14' title="bbox 169 1369 2149 1452; baseline 0 -20"><span class='ocrx_word' id='word_1_121' title='bbox 169 1375 415 1433; x_wconf 87' lang='lat' dir='ltr'><strong>occurrit</strong></span> <span class='ocrx_word' id='word_1_122' title='bbox 445 1371 598 1452; x_wconf 90' lang='lat' dir='ltr'><strong>quod</strong></span> <span class='ocrx_word' id='word_1_123' title='bbox 629 1371 886 1431; x_wconf 84' lang='lat' dir='ltr'><strong>videatur</strong></span> <span class='ocrx_word' id='word_1_124' title='bbox 915 1374 1079 1433; x_wconf 90' lang='lat' dir='ltr'><strong>istinc</strong></span> <span class='ocrx_word' id='word_1_125' title='bbox 1108 1391 1243 1432; x_wconf 88' lang='lat' dir='ltr'><strong>esse</strong></span> <span class='ocrx_word' id='word_1_126' title='bbox 1281 1369 1683 1449; x_wconf 86' lang='lat' dir='ltr'><strong>repetendum;</strong></span> <span class='ocrx_word' id='word_1_127' title='bbox 1723 1372 1831 1433; x_wconf 89' lang='lat' dir='ltr'><strong>nisi</strong></span> <span class='ocrx_word' id='word_1_128' title='bbox 1871 1381 2059 1432; x_wconf 88' lang='lat' dir='ltr'><strong>tamen</strong></span> <span class='ocrx_word' id='word_1_129' title='bbox 2087 1380 2149 1432; x_wconf 87' lang='lat' dir='ltr'><strong>ut</strong></span> 
     </span>
     <span class='ocr_line' id='line_1_15' title="bbox 170 1452 2150 1534; baseline 0 -20"><span class='ocrx_word' id='word_1_130' title='bbox 170 1455 398 1517; x_wconf 71' lang='lat' dir='ltr'><strong>formam</strong></span> <span class='ocrx_word' id='word_1_131' title='bbox 435 1454 745 1517; x_wconf 75' lang='lat' dir='ltr'><strong>secundm</strong></span> <span class='ocrx_word' id='word_1_132' title='bbox 773 1458 1046 1518; x_wconf 84' lang='lat' dir='ltr'><strong>rationem</strong></span> <span class='ocrx_word' id='word_1_133' title='bbox 1072 1455 1187 1516; x_wconf 89' lang='lat' dir='ltr'><strong>loci</strong></span> <span class='ocrx_word' id='word_1_134' title='bbox 1219 1454 1459 1517; x_wconf 79' lang='lat' dir='ltr'><strong>scribas.</strong></span> <span class='ocrx_word' id='word_1_135' title='bbox 1503 1452 1704 1534; x_wconf 81' lang='lat' dir='ltr'><strong>Neque</strong></span> <span class='ocrx_word' id='word_1_136' title='bbox 1737 1456 1885 1515; x_wconf 88' lang='lat' dir='ltr'><strong>enim</strong></span> <span class='ocrx_word' id='word_1_137' title='bbox 1913 1463 2150 1534; x_wconf 81' lang='lat' dir='ltr'><strong>possunt</strong></span> 
     </span>
     <span class='ocr_line' id='line_1_16' title="bbox 96 1538 2149 1618; baseline 0 -20"><span class='ocrx_word' id='word_1_138' title='bbox 96 1546 156 1598; x_wconf 83' lang='lat'><strong>15</strong></span> <span class='ocrx_word' id='word_1_139' title='bbox 173 1541 496 1603; x_wconf 85' lang='lat' dir='ltr'><strong>circumdari</strong></span> <span class='ocrx_word' id='word_1_140' title='bbox 525 1538 770 1618; x_wconf 82' lang='lat' dir='ltr'><strong>templo;</strong></span> <span class='ocrx_word' id='word_1_141' title='bbox 805 1557 931 1599; x_wconf 87' lang='lat' dir='ltr'><strong>nam</strong></span> <span class='ocrx_word' id='word_1_142' title='bbox 953 1540 1135 1600; x_wconf 90' lang='lat' dir='ltr'><strong>solum</strong></span> <span class='ocrx_word' id='word_1_143' title='bbox 1163 1539 1360 1617; x_wconf 85' lang='lat' dir='ltr'><strong>templi</strong></span> <span class='ocrx_word' id='word_1_144' title='bbox 1388 1539 1516 1598; x_wconf 89' lang='lat' dir='ltr'><strong>hinc</strong></span> <span class='ocrx_word' id='word_1_145' title='bbox 1546 1539 1767 1599; x_wconf 82' lang='lat' dir='ltr'><strong>flumine</strong></span> <span class='ocrx_word' id='word_1_146' title='bbox 1790 1548 1849 1599; x_wconf 84' lang='lat' dir='ltr'><strong>et</strong></span> <span class='ocrx_word' id='word_1_147' title='bbox 1870 1539 2149 1618; x_wconf 80' lang='lat' dir='ltr'><strong>abruptis-</strong></span> 
     </span>
     <span class='ocr_line' id='line_1_17' title="bbox 171 1622 2199 1704; baseline 0 -20"><span class='ocrx_word' id='word_1_148' title='bbox 171 1625 325 1687; x_wconf 87' lang='lat' dir='ltr'><strong>simis</strong></span> <span class='ocrx_word' id='word_1_149' title='bbox 353 1627 496 1704; x_wconf 87' lang='lat' dir='ltr'><strong>ripis</strong></span> <span class='ocrx_word' id='word_1_150' title='bbox 536 1623 795 1683; x_wconf 86' lang='lat' dir='ltr'><strong>hincvia</strong></span> <span class='ocrx_word' id='word_1_151' title='bbox 831 1626 1089 1701; x_wconf 81' lang='lat' dir='ltr'><strong>cingitur.</strong></span> <span class='ocrx_word' id='word_1_152' title='bbox 1155 1622 1262 1682; x_wconf 86' lang='lat' dir='ltr'><strong>Est</strong></span> <span class='ocrx_word' id='word_1_153' title='bbox 1294 1622 1438 1681; x_wconf 88' lang='lat' dir='ltr'><strong>ultra</strong></span> <span class='ocrx_word' id='word_1_154' title='bbox 1476 1624 1622 1682; x_wconf 83' lang='lat' dir='ltr'><strong>viam</strong></span> <span class='ocrx_word' id='word_1_155' title='bbox 1664 1622 1994 1682; x_wconf 88' lang='lat' dir='ltr'><strong>latissimum</strong></span> <span class='ocrx_word' id='word_1_156' title='bbox 2022 1632 2199 1702; x_wconf 85' lang='lat' dir='ltr'><strong>pra-6</strong></span> 
     </span>
     <span class='ocr_line' id='line_1_18' title="bbox 171 1704 2149 1788; baseline -0.002 -20"><span class='ocrx_word' id='word_1_157' title='bbox 171 1717 313 1787; x_wconf 85' lang='lat' dir='ltr'><strong>tum,</strong></span> <span class='ocrx_word' id='word_1_158' title='bbox 360 1711 418 1770; x_wconf 90' lang='lat' dir='ltr'><strong>in</strong></span> <span class='ocrx_word' id='word_1_159' title='bbox 460 1724 576 1788; x_wconf 89' lang='lat' dir='ltr'><strong>qno</strong></span> <span class='ocrx_word' id='word_1_160' title='bbox 615 1709 751 1771; x_wconf 86' lang='lat' dir='ltr'><strong>satis</strong></span> <span class='ocrx_word' id='word_1_161' title='bbox 778 1715 913 1785; x_wconf 83' lang='lat' dir='ltr'><strong>apte</strong></span> <span class='ocrx_word' id='word_1_162' title='bbox 943 1716 1136 1767; x_wconf 87' lang='lat' dir='ltr'><strong>contra</strong></span> <span class='ocrx_word' id='word_1_163' title='bbox 1165 1704 1436 1783; x_wconf 90' lang='lat' dir='ltr'><strong>templum</strong></span> <span class='ocrx_word' id='word_1_164' title='bbox 1470 1708 1653 1784; x_wconf 88' lang='lat' dir='ltr'><strong>ipsum</strong></span> <span class='ocrx_word' id='word_1_165' title='bbox 1683 1707 1938 1784; x_wconf 87' lang='lat' dir='ltr'><strong>porticus</strong></span> <span class='ocrx_word' id='word_1_166' title='bbox 1967 1706 2149 1785; x_wconf 82' lang='lat' dir='ltr'><strong>expli-</strong></span> 
     </span>
     <span class='ocr_line' id='line_1_19' title="bbox 173 1787 2149 1869; baseline -0.002 -16"><span class='ocrx_word' id='word_1_167' title='bbox 173 1793 473 1864; x_wconf 76' lang='lat' dir='ltr'><strong>cabuntur3</strong></span> <span class='ocrx_word' id='word_1_168' title='bbox 505 1793 613 1853; x_wconf 90' lang='lat' dir='ltr'><strong>nisi</strong></span> <span class='ocrx_word' id='word_1_169' title='bbox 645 1790 777 1869; x_wconf 87' lang='lat' dir='ltr'><strong>quid</strong></span> <span class='ocrx_word' id='word_1_170' title='bbox 805 1801 866 1851; x_wconf 89' lang='lat' dir='ltr'><strong>tu</strong></span> <span class='ocrx_word' id='word_1_171' title='bbox 894 1790 1094 1851; x_wconf 85' lang='lat' dir='ltr'><strong>melius</strong></span> <span class='ocrx_word' id='word_1_172' title='bbox 1125 1790 1432 1867; x_wconf 85' lang='lat' dir='ltr'><strong>inveneris,</strong></span> <span class='ocrx_word' id='word_1_173' title='bbox 1465 1791 1560 1867; x_wconf 92' lang='lat' dir='ltr'><strong>qui</strong></span> <span class='ocrx_word' id='word_1_174' title='bbox 1588 1788 1746 1850; x_wconf 88' lang='lat' dir='ltr'><strong>soles</strong></span> <span class='ocrx_word' id='word_1_175' title='bbox 1769 1787 2023 1849; x_wconf 85' lang='lat' dir='ltr'><strong>locorum</strong></span> <span class='ocrx_word' id='word_1_176' title='bbox 2045 1787 2149 1850; x_wconf 74' lang='lat' dir='ltr'><strong>dif-</strong></span> 
     </span>
     <span class='ocr_line' id='line_1_20' title="bbox 176 1873 1146 1956; baseline -0.002 -20"><span class='ocrx_word' id='word_1_177' title='bbox 176 1876 449 1942; x_wconf 77' lang='lat' dir='ltr'><strong>ficultates</strong></span> <span class='ocrx_word' id='word_1_178' title='bbox 481 1885 601 1939; x_wconf 88' lang='lat' dir='ltr'><strong>arte</strong></span> <span class='ocrx_word' id='word_1_179' title='bbox 633 1892 920 1956; x_wconf 84' lang='lat' dir='ltr'><strong>superare.</strong></span> <span class='ocrx_word' id='word_1_180' title='bbox 983 1873 1146 1936; x_wconf 84' lang='lat' dir='ltr'><strong>Vale.</strong></span> 
     </span>
     <span class='ocr_line' id='line_1_21' title="bbox 97 1956 1289 2070; baseline -0.003 0"><span class='ocrx_word' id='word_1_181' title='bbox 97 1956 162 2011; x_wconf 62' lang='lat'><strong>2⁰</strong></span> <span class='ocrx_word' id='word_1_182' title='bbox 1055 2006 1289 2070; x_wconf 81' lang='lat' dir='ltr'><strong>XXXX.</strong></span> 
     </span>
     <span class='ocr_line' id='line_1_22' title="bbox 758 2104 1569 2164; baseline 0 -6"><span class='ocrx_word' id='word_1_183' title='bbox 758 2105 810 2159; x_wconf 83' lang='lat' dir='ltr'><strong>C.</strong></span> <span class='ocrx_word' id='word_1_184' title='bbox 847 2107 1092 2161; x_wconf 82' lang='lat' dir='ltr'><strong>PLINIUS</strong></span> <span class='ocrx_word' id='word_1_185' title='bbox 1129 2106 1324 2164; x_wconf 75' lang='lat' dir='ltr'><strong>Fusco</strong></span> <span class='ocrx_word' id='word_1_186' title='bbox 1362 2105 1480 2159; x_wconf 86' lang='lat' dir='ltr'><strong>SUO</strong></span> <span class='ocrx_word' id='word_1_187' title='bbox 1517 2104 1569 2158; x_wconf 84' lang='lat' dir='ltr'><strong>S.</strong></span> 
     </span>
    </p>

    <p class='ocr_par' dir='ltr' id='par_1_3' title="bbox 101 2206 2206 3039">
     <span class='ocr_line' id='line_1_23' title="bbox 296 2206 2201 2290; baseline 0 -20"><span class='ocrx_word' id='word_1_188' title='bbox 296 2210 514 2271; x_wconf 87' lang='lat' dir='ltr'><strong>Scribis</strong></span> <span class='ocrx_word' id='word_1_189' title='bbox 555 2220 846 2290; x_wconf 81' lang='lat' dir='ltr'><strong>pergratas</strong></span> <span class='ocrx_word' id='word_1_190' title='bbox 876 2211 978 2271; x_wconf 88' lang='lat' dir='ltr'><strong>tibi</strong></span> <span class='ocrx_word' id='word_1_191' title='bbox 1009 2210 1189 2271; x_wconf 77' lang='lat' dir='ltr'><strong>fuisse</strong></span> <span class='ocrx_word' id='word_1_192' title='bbox 1219 2209 1438 2270; x_wconf 85' lang='lat' dir='ltr'><strong>litteras</strong></span> <span class='ocrx_word' id='word_1_193' title='bbox 1469 2226 1658 2286; x_wconf 88' lang='lat' dir='ltr'><strong>meas,</strong></span> <span class='ocrx_word' id='word_1_194' title='bbox 1703 2206 1904 2286; x_wconf 85' lang='lat' dir='ltr'><strong>quibus</strong></span> <span class='ocrx_word' id='word_1_195' title='bbox 1939 2221 2150 2282; x_wconf 84' lang='lat' dir='ltr'><strong>cogno·</strong></span> <span class='ocrx_word' id='word_1_196' title='bbox 2172 2218 2201 2270; x_wconf 90' lang='lat'><strong>1</strong></span> 
     </span>
     <span class='ocr_line' id='line_1_24' title="bbox 174 2290 2151 2374; baseline -0.002 -22"><span class='ocrx_word' id='word_1_197' title='bbox 174 2294 303 2354; x_wconf 87' lang='lat' dir='ltr'><strong>visti</strong></span> <span class='ocrx_word' id='word_1_198' title='bbox 336 2295 798 2374; x_wconf 87' lang='lat' dir='ltr'><strong>quemadmodum</strong></span> <span class='ocrx_word' id='word_1_199' title='bbox 824 2296 879 2354; x_wconf 91' lang='lat' dir='ltr'><strong>in</strong></span> <span class='ocrx_word' id='word_1_200' title='bbox 913 2294 1111 2356; x_wconf 87' lang='lat' dir='ltr'><strong>Tuscis</strong></span> <span class='ocrx_word' id='word_1_201' title='bbox 1145 2296 1317 2355; x_wconf 89' lang='lat' dir='ltr'><strong>otium</strong></span> <span class='ocrx_word' id='word_1_202' title='bbox 1345 2295 1575 2355; x_wconf 83' lang='lat' dir='ltr'><strong>aestatis</strong></span> <span class='ocrx_word' id='word_1_203' title='bbox 1604 2293 1925 2369; x_wconf 80' lang='lat' dir='ltr'><strong>exigerem:</strong></span> <span class='ocrx_word' id='word_1_204' title='bbox 1963 2290 2151 2368; x_wconf 89' lang='lat' dir='ltr'><strong>requi·</strong></span> 
     </span>
     <span class='ocr_line' id='line_1_25' title="bbox 101 2373 2202 2457; baseline -0.002 -22"><span class='ocrx_word' id='word_1_205' title='bbox 101 2377 254 2437; x_wconf 76' lang='lat' dir='ltr'><strong>25ris</strong></span> <span class='ocrx_word' id='word_1_206' title='bbox 293 2378 426 2457; x_wconf 89' lang='lat' dir='ltr'><strong>quid</strong></span> <span class='ocrx_word' id='word_1_207' title='bbox 468 2397 542 2439; x_wconf 85' lang='lat' dir='ltr'><strong>cx</strong></span> <span class='ocrx_word' id='word_1_208' title='bbox 576 2380 690 2440; x_wconf 89' lang='lat' dir='ltr'><strong>hoc</strong></span> <span class='ocrx_word' id='word_1_209' title='bbox 726 2382 783 2438; x_wconf 84' lang='lat' dir='ltr'><strong>in</strong></span> <span class='ocrx_word' id='word_1_210' title='bbox 825 2377 1155 2440; x_wconf 87' lang='lat' dir='ltr'><strong>Laurentino</strong></span> <span class='ocrx_word' id='word_1_211' title='bbox 1191 2378 1380 2440; x_wconf 87' lang='lat' dir='ltr'><strong>hieme</strong></span> <span class='ocrx_word' id='word_1_212' title='bbox 1418 2386 1750 2457; x_wconf 84' lang='lat' dir='ltr'><strong>permutem.</strong></span> <span class='ocrx_word' id='word_1_213' title='bbox 1810 2373 1992 2452; x_wconf 84' lang='lat' dir='ltr'><strong>Nihil,</strong></span> <span class='ocrx_word' id='word_1_214' title='bbox 2045 2373 2202 2439; x_wconf 82' lang='lat' dir='ltr'><strong>nisi2</strong></span> 
     </span>
     <span class='ocr_line' id='line_1_26' title="bbox 177 2456 2151 2543; baseline -0.003 -22"><span class='ocrx_word' id='word_1_215' title='bbox 177 2463 326 2538; x_wconf 84' lang='lat' dir='ltr'><strong>qnod</strong></span> <span class='ocrx_word' id='word_1_216' title='bbox 369 2463 705 2524; x_wconf 84' lang='lat' dir='ltr'><strong>meridianus</strong></span> <span class='ocrx_word' id='word_1_217' title='bbox 751 2480 980 2524; x_wconf 87' lang='lat' dir='ltr'><strong>somnus</strong></span> <span class='ocrx_word' id='word_1_218' title='bbox 1025 2464 1285 2525; x_wconf 85' lang='lat' dir='ltr'><strong>eximitur</strong></span> <span class='ocrx_word' id='word_1_219' title='bbox 1325 2462 1669 2543; x_wconf 88' lang='lat' dir='ltr'><strong>multumque</strong></span> <span class='ocrx_word' id='word_1_220' title='bbox 1715 2460 1787 2521; x_wconf 91' lang='lat' dir='ltr'><strong>de</strong></span> <span class='ocrx_word' id='word_1_221' title='bbox 1833 2468 2006 2519; x_wconf 90' lang='lat' dir='ltr'><strong>nocte</strong></span> <span class='ocrx_word' id='word_1_222' title='bbox 2054 2456 2151 2517; x_wconf 84' lang='lat' dir='ltr'><strong>vel</strong></span> 
     </span>
     <span class='ocr_line' id='line_1_27' title="bbox 175 2546 2151 2626; baseline -0.003 -24"><span class='ocrx_word' id='word_1_223' title='bbox 175 2555 302 2605; x_wconf 90' lang='lat' dir='ltr'><strong>ante</strong></span> <span class='ocrx_word' id='word_1_224' title='bbox 331 2547 427 2607; x_wconf 84' lang='lat' dir='ltr'><strong>vel</strong></span> <span class='ocrx_word' id='word_1_225' title='bbox 449 2556 582 2626; x_wconf 90' lang='lat' dir='ltr'><strong>post</strong></span> <span class='ocrx_word' id='word_1_226' title='bbox 611 2547 757 2607; x_wconf 88' lang='lat' dir='ltr'><strong>diem</strong></span> <span class='ocrx_word' id='word_1_227' title='bbox 784 2550 1036 2625; x_wconf 83' lang='lat' dir='ltr'><strong>sumitur,</strong></span> <span class='ocrx_word' id='word_1_228' title='bbox 1062 2557 1121 2608; x_wconf 90' lang='lat' dir='ltr'><strong>et</strong></span> <span class='ocrx_word' id='word_1_229' title='bbox 1148 2549 1196 2608; x_wconf 89' lang='lat' dir='ltr'><strong>si</strong></span> <span class='ocrx_word' id='word_1_230' title='bbox 1219 2548 1421 2624; x_wconf 83' lang='lat' dir='ltr'><strong>agendi</strong></span> <span class='ocrx_word' id='word_1_231' title='bbox 1442 2548 1759 2608; x_wconf 82' lang='lat' dir='ltr'><strong>necessitas</strong></span> <span class='ocrx_word' id='word_1_232' title='bbox 1784 2546 1974 2619; x_wconf 88' lang='lat' dir='ltr'><strong>instat,</strong></span> <span class='ocrx_word' id='word_1_233' title='bbox 2008 2558 2151 2619; x_wconf 85' lang='lat' dir='ltr'><strong>quae</strong></span> 
     </span>
     <span class='ocr_line' id='line_1_28' title="bbox 177 2623 2152 2708; baseline -0.003 -23"><span class='ocrx_word' id='word_1_234' title='bbox 177 2626 446 2707; x_wconf 82' lang='lat' dir='ltr'><strong>frequens</strong></span> <span class='ocrx_word' id='word_1_235' title='bbox 473 2631 677 2708; x_wconf 87' lang='lat' dir='ltr'><strong>hieme,</strong></span> <span class='ocrx_word' id='word_1_236' title='bbox 709 2647 823 2689; x_wconf 88' lang='lat' dir='ltr'><strong>non</strong></span> <span class='ocrx_word' id='word_1_237' title='bbox 853 2632 960 2690; x_wconf 88' lang='lat' dir='ltr'><strong>iam</strong></span> <span class='ocrx_word' id='word_1_238' title='bbox 992 2632 1268 2691; x_wconf 87' lang='lat' dir='ltr'><strong>comoedo</strong></span> <span class='ocrx_word' id='word_1_239' title='bbox 1301 2630 1397 2689; x_wconf 78' lang='lat' dir='ltr'><strong>vel</strong></span> <span class='ocrx_word' id='word_1_240' title='bbox 1426 2629 1657 2705; x_wconf 77' lang='lat' dir='ltr'><strong>lyristae</strong></span> <span class='ocrx_word' id='word_1_241' title='bbox 1688 2636 1824 2706; x_wconf 88' lang='lat' dir='ltr'><strong>post</strong></span> <span class='ocrx_word' id='word_1_242' title='bbox 1851 2642 2045 2685; x_wconf 86' lang='lat' dir='ltr'><strong>cenam</strong></span> <span class='ocrx_word' id='word_1_243' title='bbox 2066 2623 2152 2680; x_wconf 93' lang='lat' dir='ltr'><strong>lo·</strong></span> 
     </span>
     <span class='ocr_line' id='line_1_29' title="bbox 181 2707 2155 2792; baseline -0.004 -21"><span class='ocrx_word' id='word_1_244' title='bbox 181 2728 305 2790; x_wconf 82' lang='lat' dir='ltr'><strong>eus,</strong></span> <span class='ocrx_word' id='word_1_245' title='bbox 338 2714 442 2773; x_wconf 88' lang='lat' dir='ltr'><strong>sed</strong></span> <span class='ocrx_word' id='word_1_246' title='bbox 472 2711 568 2772; x_wconf 88' lang='lat' dir='ltr'><strong>illa</strong></span> <span class='ocrx_word' id='word_1_247' title='bbox 598 2730 741 2792; x_wconf 85' lang='lat' dir='ltr'><strong>quae</strong></span> <span class='ocrx_word' id='word_1_248' title='bbox 770 2712 973 2772; x_wconf 87' lang='lat' dir='ltr'><strong>dictavi</strong></span> <span class='ocrx_word' id='word_1_249' title='bbox 1003 2714 1302 2774; x_wconf 83' lang='lat' dir='ltr'><strong>identidem</strong></span> <span class='ocrx_word' id='word_1_250' title='bbox 1327 2722 1718 2788; x_wconf 87' lang='lat' dir='ltr'><strong>retractantur,</strong></span> <span class='ocrx_word' id='word_1_251' title='bbox 1747 2728 1815 2770; x_wconf 88' lang='lat' dir='ltr'><strong>ac</strong></span> <span class='ocrx_word' id='word_1_252' title='bbox 1845 2707 2010 2769; x_wconf 87' lang='lat' dir='ltr'><strong>simul</strong></span> <span class='ocrx_word' id='word_1_253' title='bbox 2039 2722 2155 2764; x_wconf 91' lang='lat' dir='ltr'><strong>me-</strong></span> 
     </span>
     <span class='ocr_line' id='line_1_30' title="bbox 105 2788 2206 2875; baseline -0.002 -25"><span class='ocrx_word' id='word_1_254' title='bbox 105 2793 393 2855; x_wconf 68' lang='lat' dir='ltr'><strong>aomoriae</strong></span> <span class='ocrx_word' id='word_1_255' title='bbox 420 2796 703 2873; x_wconf 76' lang='lat' dir='ltr'><strong>frequenti</strong></span> <span class='ocrx_word' id='word_1_256' title='bbox 734 2796 1121 2857; x_wconf 86' lang='lat' dir='ltr'><strong>emendatione</strong></span> <span class='ocrx_word' id='word_1_257' title='bbox 1158 2798 1465 2875; x_wconf 85' lang='lat' dir='ltr'><strong>proficitur.</strong></span> <span class='ocrx_word' id='word_1_258' title='bbox 1506 2795 1695 2855; x_wconf 81' lang='lat' dir='ltr'><strong>Habes</strong></span> <span class='ocrx_word' id='word_1_259' title='bbox 1726 2799 1941 2853; x_wconf 78' lang='lat' dir='ltr'><strong>aestate</strong></span> <span class='ocrx_word' id='word_1_260' title='bbox 1969 2788 2154 2848; x_wconf 87' lang='lat' dir='ltr'><strong>hieme</strong></span> <span class='ocrx_word' id='word_1_261' title='bbox 2171 2802 2206 2855; x_wconf 85' lang='lat'><strong>3</strong></span> 
     </span>
     <span class='ocr_line' id='line_1_31' title="bbox 182 2878 2154 2952; baseline -0.005 -12"><span class='ocrx_word' id='word_1_262' title='bbox 182 2879 670 2940; x_wconf 86' lang='lat' dir='ltr'><strong>consuetudinem:</strong></span> <span class='ocrx_word' id='word_1_263' title='bbox 710 2897 857 2938; x_wconf 90' lang='lat' dir='ltr'><strong>nunc</strong></span> <span class='ocrx_word' id='word_1_264' title='bbox 897 2878 1065 2940; x_wconf 88' lang='lat' dir='ltr'><strong>addas</strong></span> <span class='ocrx_word' id='word_1_265' title='bbox 1106 2882 1213 2939; x_wconf 89' lang='lat' dir='ltr'><strong>huc</strong></span> <span class='ocrx_word' id='word_1_266' title='bbox 1242 2879 1380 2940; x_wconf 87' lang='lat' dir='ltr'><strong>licet</strong></span> <span class='ocrx_word' id='word_1_267' title='bbox 1407 2897 1511 2938; x_wconf 87' lang='lat' dir='ltr'><strong>ver</strong></span> <span class='ocrx_word' id='word_1_268' title='bbox 1538 2887 1597 2938; x_wconf 88' lang='lat' dir='ltr'><strong>et</strong></span> <span class='ocrx_word' id='word_1_269' title='bbox 1626 2886 1968 2949; x_wconf 86' lang='lat' dir='ltr'><strong>autumnum,</strong></span> <span class='ocrx_word' id='word_1_270' title='bbox 2011 2888 2154 2952; x_wconf 88' lang='lat' dir='ltr'><strong>quae</strong></span> 
     </span>
     <span class='ocr_line' id='line_1_32' title="bbox 181 2958 2155 3039; baseline -0.003 -17"><span class='ocrx_word' id='word_1_271' title='bbox 181 2965 328 3023; x_wconf 85' lang='lat' dir='ltr'><strong>inter</strong></span> <span class='ocrx_word' id='word_1_272' title='bbox 354 2962 597 3023; x_wconf 89' lang='lat' dir='ltr'><strong>hiemem</strong></span> <span class='ocrx_word' id='word_1_273' title='bbox 624 2970 1007 3039; x_wconf 87' lang='lat' dir='ltr'><strong>aestatemque</strong></span> <span class='ocrx_word' id='word_1_274' title='bbox 1035 2963 1246 3039; x_wconf 84' lang='lat' dir='ltr'><strong>media,</strong></span> <span class='ocrx_word' id='word_1_275' title='bbox 1286 2971 1348 3022; x_wconf 89' lang='lat' dir='ltr'><strong>ut</strong></span> <span class='ocrx_word' id='word_1_276' title='bbox 1378 2962 1515 3022; x_wconf 87' lang='lat' dir='ltr'><strong>nihil</strong></span> <span class='ocrx_word' id='word_1_277' title='bbox 1554 2960 1626 3022; x_wconf 88' lang='lat' dir='ltr'><strong>de</strong></span> <span class='ocrx_word' id='word_1_278' title='bbox 1661 2960 1754 3021; x_wconf 86' lang='lat' dir='ltr'><strong>die</strong></span> <span class='ocrx_word' id='word_1_279' title='bbox 1778 2958 2050 3039; x_wconf 85' lang='lat' dir='ltr'><strong>perdunt,</strong></span> <span class='ocrx_word' id='word_1_280' title='bbox 2081 2958 2155 3017; x_wconf 83' lang='lat' dir='ltr'><strong>ita</strong></span> 
     </span>
    </p>

    <p class='ocr_par' dir='ltr' id='par_1_4' title="bbox 183 3044 1334 3127">
     <span class='ocr_line' id='line_1_33' title="bbox 183 3044 1334 3127; baseline -0.002 -21"><span class='ocrx_word' id='word_1_281' title='bbox 183 3045 253 3107; x_wconf 88' lang='lat' dir='ltr'><strong>de</strong></span> <span class='ocrx_word' id='word_1_282' title='bbox 279 3057 451 3109; x_wconf 86' lang='lat' dir='ltr'><strong>nocte</strong></span> <span class='ocrx_word' id='word_1_283' title='bbox 481 3047 773 3127; x_wconf 85' lang='lat' dir='ltr'><strong>parvolum</strong></span> <span class='ocrx_word' id='word_1_284' title='bbox 800 3045 1113 3126; x_wconf 85' lang='lat' dir='ltr'><strong>adquirunt.</strong></span> <span class='ocrx_word' id='word_1_285' title='bbox 1172 3044 1334 3106; x_wconf 86' lang='lat' dir='ltr'><strong>Vale.</strong></span> 
     </span>
    </p>
   </div>
   <div class='ocr_carea' id='block_1_3' title="bbox 985 3309 1392 3319">
    <p class='ocr_par' dir='ltr' id='par_1_5' title="bbox 985 3309 1392 3319">
     <span class='ocr_line' id='line_1_34' title="bbox 985 3309 1392 3319; baseline 0.002 -1"><span class='ocrx_word' id='word_1_286' title='bbox 985 3309 1392 3319; x_wconf 46' lang='grc' dir='ltr'><strong>...ῤ’-</strong></span> 
     </span>
    </p>
   </div>
  </div>
 </body>
</html>
