2467 3850
325 183 449 247 240
1156 180 1221 241 C.
1262 179 1454 241 PLINI

319 338 430 397 sint
457 343 634 393 actae.
701 328 987 410 Nusquam
1017 341 1080 391 ut
1113 330 1224 392 deo
1243 377 1261 409 ,
1304 345 1577 410 nusquam
1605 339 1667 390 ut
1694 330 1899 388 numini
1928 327 2306 389 blandiamur:

310 435 429 492 ‚non
457 418 606 477 enim
636 416 706 475 de
733 425 967 491 tyranno
999 414 1104 476 sed
1135 415 1205 475 de
1239 417 1399 492 cive,
1440 432 1551 474 non
1581 414 1654 474 de
1682 411 1906 473 domino
1953 411 2057 473 sed
2099 411 2173 471 de
2208 429 2309 489 pa-

315 512 477 563 rente
503 501 802 578 loquimur.
866 500 1046 560 Unum
1076 498 1176 559 ille
1206 518 1274 559 se
1306 517 1379 558 ex
1405 497 1606 575 nobiS,
1634 507 1692 558 et
1722 497 1833 557 hoc
1859 498 2037 574 magis
2066 494 2308 556 excellit

317 596 486 664 atque
517 586 754 658 eminet,
802 582 954 661 quod
982 600 1150 642 unum
1178 600 1255 642 ex
1285 582 1451 642 nobis
1491 590 1649 660 putat
1676 599 1785 641 nec
1812 583 1992 642 minus
2023 580 2308 640 hominem

230 702 234 705 >
318 690 384 731 se
413 686 576 747 quam
607 667 920 730 hominihus
950 683 1223 744 praeesse
1250 668 1515 727 meminit.
1560 663 1962 742 Intellegamus
1986 681 2127 741 ergo
2158 664 2309 723 bona
2329 666 2366 717 5

315 762 507 814 nostra
526 798 544 829 ,
574 750 894 829 dignosque
920 768 1026 810 nos
1054 749 1169 811 illis
1194 768 1301 810 usu
1321 749 1659 829 probemus,
1691 758 1860 826 atque
1882 747 2187 808 identidem
2211 764 2306 806 co·

314 840 559 914 gitemus
591 851 772 911 quam
810 837 889 895 sit
925 835 1246 912 indiqnum
1286 835 1336 894 si
1366 834 1541 893 maius
1570 832 1920 911 principibus
1948 841 2306 909 praestemus

314 920 648 998 obsequium
688 920 781 996 qui
822 919 1095 979 servitute
1140 917 1346 977 civium
1377 935 1540 995 quam
1570 918 1664 994 qui
1709 914 1970 977 libertate
2008 915 2303 976 laetantur.

311 1003 385 1064 Et
417 1002 663 1082 populus
693 1002 921 1080 quidem
941 1000 1224 1061 Romanus
1250 999 1517 1061 dilectum
1537 1001 1854 1079 principum
1880 1009 2099 1076 servat,
2133 1016 2304 1076 quan·

312 1099 485 1167 toque
514 1085 682 1166 paulo
711 1095 839 1146 ante
878 1094 1158 1146 concentu
1195 1085 1504 1144 formosum
1541 1083 1707 1143 alium
1748 1083 1896 1143 hunc
1938 1082 2303 1143 fortissimum
2324 1087 2399 1138 10

314 1180 613 1250 personat,
657 1171 974 1247 quibusque
1018 1167 1317 1247 aliquando
1352 1167 1689 1228 clamoribus
1718 1176 1942 1244 gestum
1974 1166 2210 1228 alterius
2247 1175 2304 1225 et

312 1272 517 1315 vocem
577 1254 740 1314 huius
798 1256 1069 1331 pietatem
1126 1253 1514 1314 abstinentiam
1570 1249 2049 1312 mansuetudinem
2095 1249 2301 1308 laudat.

315 1338 462 1414 Quid
483 1333 761 1415 nosipsi?
790 1337 1132 1398 divinitatem
1160 1338 1432 1416 principis
1461 1338 1638 1396 nostri
1658 1354 1725 1396 an
1749 1334 2142 1394 humanitatem
2163 1344 2304 1394 tem-

312 1422 619 1502 perantiam
654 1418 1008 1495 facilitatem,
1046 1430 1105 1481 ut
1132 1437 1289 1480 amor
1311 1429 1368 1480 et
1390 1420 1650 1497 gaudium
1673 1418 1832 1495 tulit,
1867 1419 2118 1479 universi
2138 1434 2303 1496 prae-

314 1506 501 1565 dicare
545 1501 836 1564 solemus?
894 1504 1009 1565 Iam
1043 1503 1175 1582 quid
1205 1515 1317 1565 tam
1362 1503 1563 1580 civile,
1614 1513 1724 1564 tam
1768 1504 2107 1562 senatorium
2142 1517 2305 1579 quam
2323 1498 2397 1550 15

313 1587 450 1649 illud
484 1587 726 1648 additum
753 1607 785 1648 a
812 1590 977 1649 nobis
1009 1590 1205 1668 optimi
1239 1584 1599 1665 cognomen?
1638 1588 1789 1664 quod
1819 1585 2109 1664 peculiare
2139 1585 2305 1645 huius

313 1682 370 1733 et
413 1675 698 1751 proprium
737 1672 1060 1750 adrogantia
1100 1674 1351 1750 priorum
1398 1673 1710 1750 principum
1754 1671 1909 1731 fecit.
1997 1669 2305 1730 Enimvero

313 1775 478 1836 quam
509 1773 836 1835 commune,
882 1774 1045 1836 quam
1075 1774 1149 1816 ex
1176 1772 1359 1835 aequo
1391 1753 1542 1834 quod
1570 1754 1776 1816 felices
1802 1770 1943 1832 nos,
1978 1753 2206 1813 felicem
2235 1752 2303 1811 il-

312 1840 425 1901 lum
456 1842 842 1920 praedicamus
873 1841 1218 1917 alternisque
1251 1842 1402 1900 votis
1449 1839 1618 1899 ‘haec
1646 1840 1848 1915 faciat,
1892 1839 2037 1916 haec
2066 1836 2299 1912 audiat',

311 1930 468 2005 quasi
498 1945 608 1986 non
643 1926 877 2002 dicturi,
907 1927 1017 1987 nisi
1044 1925 1283 2002 fecerit,
1315 1921 1762 2003 conprecamur?
1798 1922 1890 1984 Ad
1917 1921 2179 2002 quasillo
2200 1921 2400 1981 vo-20

312 2030 411 2072 ces
443 2010 685 2070 lacrimis
718 2012 883 2071 etiam
917 2028 983 2070 ac
1011 2008 1188 2069 multo
1209 2008 1428 2088 pudore
1459 2009 1812 2069 suffunditur.
1849 2008 2128 2084 Agnoscit
2158 2008 2305 2064 enim

253 2096 593 2172 3sentitque
629 2094 773 2172 sibi,
824 2111 936 2154 non
976 2095 1219 2172 principi
1256 2093 1386 2153 dici.
1442 2091 1651 2170 ·Igitur
1693 2091 1844 2170 quod
1891 2102 2300 2169 temperamen-

310 2188 426 2237 tum
458 2194 654 2238 omnes
687 2179 744 2236 in
776 2176 876 2237 illo
907 2179 1093 2239 subito
1127 2179 1354 2255 pietatis
1387 2176 1579 2237 calore
1619 2178 2004 2250 servavimuS,
2049 2175 2158 2234 hoc
2188 2175 2302 2235 sin-

263 2286 268 2291 ·
310 2261 429 2338 guli
469 2277 695 2339 quoque
729 2260 1090 2340 meditatique
1133 2272 1457 2338 teneamus,
1515 2261 1872 2338 sciamusque
1913 2257 2122 2319 nullum
2168 2275 2302 2316 esse

308 2362 495 2423 neque
530 2345 802 2403 sincerius
842 2364 1029 2425 neque
1067 2347 1364 2423 acceptius
1408 2362 1588 2422 genus
1629 2347 1926 2421 gratiarum
1954 2361 2117 2421 quam
2149 2340 2304 2418 quod
2319 2342 2399 2394 25

310 2427 436 2487 illas
477 2427 908 2488 adclamationes
950 2427 1265 2489 aemuletur
1305 2447 1449 2507 quae
1492 2428 1737 2505 fingendi
1780 2444 1892 2487 non
1923 2427 2132 2486 habent
2159 2434 2302 2484 tem-

309 2530 436 2592 pus.
513 2510 791 2584 Quantum
825 2511 895 2572 ad
933 2531 1025 2572 me
1065 2515 1344 2592 pertinet,
1389 2511 1661 2573 laborabo
1698 2522 1755 2573 ut
1786 2513 2093 2572 orationem
2121 2525 2304 2568 meam

309 2597 378 2659 ad
406 2594 735 2658 modestiam
762 2597 1034 2676 principis
1062 2596 1617 2674 moderationemque
1650 2600 2015 2671 summittam,
2058 2609 2166 2652 nec
2196 2592 2302 2650 m'i·

306 2701 410 2742 nus
444 2680 816 2741 considerabo
850 2680 981 2759 quid
1020 2699 1185 2742 aures
1226 2681 1350 2740 eius
1383 2683 1498 2758 pati
1526 2681 1746 2759 possint
1776 2697 1938 2757 quam
1968 2676 2097 2757 quid
2123 2678 2299 2735 virtu-

305 2768 455 2826 tibus
497 2763 791 2826 debeatur.
856 2764 1059 2842 Magna
1100 2772 1155 2824 et
1197 2765 1453 2824 inusitata
1485 2766 1760 2842 principis
1790 2762 2000 2841 gloria,
2054 2761 2143 2820 cui
2171 2763 2395 2836 gra-30

306 2853 411 2910 tias
454 2859 678 2910 acturus
716 2866 830 2909 non
869 2859 981 2908 tam
1019 2866 1226 2908 vereor
1263 2866 1456 2908 neme
1498 2850 1555 2907 in
1592 2847 1853 2908 laudibus
1896 2847 2012 2907 suis
2063 2860 2301 2922 parcum

253 2993 259 2998 .
310 2950 472 3010 quam
508 2953 579 2993 ne
619 2935 844 2993 nimium
879 2941 1056 3010 putet.
1139 2931 1296 2992 Haec
1325 2950 1416 2992 me
1449 2949 1614 3008 cura,
1666 2931 1808 2992 hacc
1842 2927 2143 2991 difficultas
2172 2925 2300 2986 sola

312 3018 660 3076 circumstat:
701 3035 828 3077 nam
855 3017 1093 3077 merenti
1121 3018 1328 3093 gratias
1363 3033 1537 3093 agere
1567 3014 1739 3075 facile
1774 3025 1896 3090 est,
1938 3023 2126 3091 patres
2159 3028 2299 3072 con·

310 3100 528 3176 scripti.
578 3099 704 3161 Non
736 3105 881 3160 enim
915 3099 1225 3178 periculum
1259 3109 1477 3176 estne,
1511 3114 1636 3158 cum
1665 3098 1862 3177 loquar
1888 3098 1959 3157 de
1988 3095 2298 3156 humanita-

308 3190 399 3257 te,
426 3184 749 3260 exprobrari
773 3185 881 3244 sibi
906 3184 1225 3261 superbiam
1248 3182 1470 3259 credat,
1499 3199 1627 3242 cum
1650 3183 1722 3243 de
1749 3180 2066 3259 frugalitate
2084 3225 2102 3257 ,
2134 3178 2300 3241 luxu·
2317 3176 2395 3231 35

308 3266 478 3339 riam,
506 3283 629 3323 cum
653 3266 725 3327 de
757 3267 1085 3344 clementia,
1110 3266 1516 3344 crudelitatem,
1543 3284 1668 3326 cum
1691 3266 1761 3326 de
1782 3263 2141 3340 liberalitate,
2167 3281 2298 3323 ava-
2454 3267 2461 3272 ’

308 3347 519 3422 ritiam,
554 3364 678 3408 cum
708 3351 782 3408 de
808 3350 1186 3425 benignitate,
1214 3350 1486 3426 livorem,
1519 3369 1645 3410 cum
1670 3348 1740 3408 de
1766 3349 2136 3423 continentia,
2168 3346 2319 3406 libi-1

312 3426 528 3505 dinem,
558 3449 684 3490 cum
709 3430 780 3490 de
800 3429 1027 3508 labore,
1057 3435 1339 3511 inertiam,
1377 3436 1504 3493 cum
1525 3432 1596 3494 de
1625 3432 1980 3510 fortitudine,
2012 3434 2296 3492 timorem.
