2467 3850
324 163 447 227 100
1162 160 1223 225 G.
1271 159 1462 222 PLINI

270 325 303 381 7
323 315 488 376 Tales
530 315 737 392 ubique
777 329 1098 382 sermones;
1152 314 1248 392 qui
1287 324 1473 374 tamen
1514 313 1831 375 alterutram
1873 312 1929 372 in
1966 322 2182 392 partem
2229 332 2302 374 ex

320 408 527 460 eventu
556 397 980 477 praevalebunt.
1042 397 1149 458 Est
1176 400 1401 457 omnino
1438 398 1684 475 iniquom
1718 396 1821 456 sed
1861 416 1965 457 usu
2002 407 2302 476 receptum

321 482 472 562 quod
502 482 740 542 honesta
771 481 1007 542 consilia
1034 481 1130 541 vel
1157 483 1373 560 turpia,
1399 490 1567 560 prout
1597 481 1741 541 male
1768 490 1862 540 aut
1887 496 2171 560 prospere
2204 500 2300 541 ce·

319 568 483 643 dunt,
531 568 608 626 ita
637 564 734 624 vel
770 565 1075 643 probantur
1102 564 1196 625 vel
1225 564 1728 643 reprehenduntur.
1793 564 1929 624 Inde
1962 564 2299 643 plerumque

317 650 516 711 eadem
553 650 703 709 facta
738 649 905 709 modo
947 647 1272 726 diligentiae
1294 648 1461 707 modo
1491 649 1782 725 vanitatis,
1825 647 1992 708 modo
2021 648 2352 713 libertatisf)

314 732 486 794 modo
515 733 722 793 furoris
753 751 956 794 nomen
985 733 1290 812 accipiunt.
1350 731 1513 792 Vale.

618 963 671 1015 C.
706 964 953 1017 PLINIUS
984 864 1739 1025 SUETAEQIOD'KI'IRJANQUILLO
1776 963 1894 1016 SUO
1929 965 1982 1019 S.

271 1085 296 1135 l
434 1065 635 1126 Libera
662 1061 883 1126 tandem
912 1065 1514 1142 hendecasyllaborum
1542 1085 1791 1127 meorum
1814 1066 1999 1145 fidem,
2032 1066 2127 1146 qui
2156 1066 2298 1125 scri·
2317 1077 2379 1129 10

316 1159 412 1228 pta
450 1159 544 1210 tua
580 1150 964 1209 communibus
998 1150 1191 1210 amicis
1235 1151 1682 1230 spoponderunt.
1746 1149 2124 1229 Appellantur
2154 1150 2298 1209 coti·

316 1233 405 1292 die
430 1242 490 1292 et
521 1234 867 1311 flagitantur,
919 1252 985 1293 ac
1018 1235 1123 1295 iam
1151 1234 1468 1313 periculum
1510 1244 1598 1295 est
1635 1254 1708 1294 ue
1742 1244 2016 1311 cogantur
2041 1234 2111 1294 ad
2139 1232 2298 1293 exhi-

261 1333 294 1385 2
312 1316 553 1376 bendum
577 1316 870 1377 formulam
898 1316 1185 1396 accipere.
1227 1318 1363 1379 Sum
1395 1328 1453 1378 et
1481 1319 1686 1397 ipsein
1714 1317 1936 1378 edendo
1963 1318 2295 1394 haesitator,

313 1411 373 1460 tu
418 1410 604 1461 tamen
651 1419 829 1461 meam
874 1417 1099 1479 quoque
1156 1403 1569 1462 cunctationem
1611 1401 2033 1480 tarditatemque
2082 1402 2293 1461 vicisti.

311 1483 551 1544 Proinde
589 1494 681 1543 aut
719 1501 915 1562 rumpe
957 1483 1062 1543 iam
1091 1501 1276 1545 moras
1307 1495 1400 1544 aut
1431 1504 1568 1545 cave
1598 1504 1670 1544 ne
1699 1484 1931 1545 eosdem
1958 1487 2098 1544 istos
2125 1484 2376 1544 libel-15

312 1567 424 1645 los,
457 1586 599 1647 quos
631 1568 729 1627 tibi
758 1567 1218 1642 hendecasyllabi
1261 1571 1441 1628 nostri
1467 1568 1744 1629 blanditiis
1776 1569 1986 1628 elicere
2016 1586 2128 1628 non
2160 1586 2298 1646 pos·

261 1665 295 1717 3
315 1661 475 1729 sunt,
528 1653 788 1711 convicio
833 1661 1130 1713 scazontes
1161 1662 1552 1731 extorqueant.
1608 1652 1927 1713 Perfectum
1958 1670 2101 1732 opus
2126 1653 2297 1712 abso·

313 1735 599 1815 lutumque
630 1745 752 1812 est,
803 1754 913 1796 nec
946 1737 1053 1797 iam
1088 1734 1442 1816 splendescit
1469 1736 1597 1795 lima
1626 1736 1728 1796 sed
1757 1737 2026 1797 atteritur.
2091 1734 2296 1796 Patere

310 1836 402 1879 me
443 1820 638 1879 videre
678 1818 895 1880 titulum
937 1829 1122 1896 tuum,
1179 1830 1378 1898 patere
1418 1819 1609 1881 audire
1649 1819 1892 1881 describi
1935 1819 2051 1897 legi
2094 1821 2294 1880 venire

310 1902 591 1965 volumina
632 1903 935 1982 Tranquilli
974 1904 1105 1964 mei.
1159 1904 1423 1983 Aequom
1464 1913 1553 1965 est
1591 1922 1695 1965 nos
1724 1905 1779 1963 in
1813 1921 2000 1964 amore
2034 1913 2144 1963 tam
2173 1909 2375 1963 mu·2⁰

309 1988 668 2131 turb‘eamssnl
698 1988 998 2066 percipere
1027 2005 1103 2046 ex
1129 1996 1188 2048 te
1214 1988 1596 2068 voluptatem,
1641 2007 1746 2066 qua
1778 1998 1837 2048 tu
1878 1987 2189 2066 perfrueris
2224 2007 2297 2048 ex

311 2089 384 2131 no
428 2091 496 2132 is.
612 2089 645 2130 a
669 2091 722 2131 e.

1133 2202 1233 2264 XI.
1300 2203 1424 2265 XII.

464 2301 519 2355 c,
557 2299 805 2351 PLINIUS
838 2300 1195 2355 GALPURNIO
1227 2205 1480 2355 FAEBATJO
1523 2303 1892 2355 Pnosocssno
1929 2304 2047 2356 suo
2082 2303 2134 2358 S.

259 2420 288 2471 1
430 2399 651 2480 Recepi
679 2400 895 2463 litteras
922 2413 1081 2483 tuas,
1114 2423 1188 2466 ex
1213 2407 1418 2491 quibus
1444 2407 1688 2484 cog-novi
1721 2416 1779 2466 te
1813 2406 2297 2485 speciosissimam

309 2486 590 2566 porticum
618 2486 723 2546 sub
750 2497 848 2547 tuo
879 2487 1090 2568 filiique
1116 2491 1196 2550 tui
1217 2492 1443 2552 nomine
1476 2489 1795 2566 dedicasse,
1829 2489 2089 2567 sequenti
2121 2489 2214 2550 die
2236 2492 2296 2549 in

307 2579 592 2649 portarum
621 2580 868 2631 ornatum
896 2573 1191 2651 pecuniam
1213 2576 1567 2654 promisisse,
1598 2583 1658 2634 ut
1688 2572 1904 2633 initium
1929 2591 2110 2633 novae
2146 2572 2294 2633 libe-

255 2667 288 2718 2
305 2654 533 2716 ralitatis
561 2664 719 2716 esset
747 2659 1148 2717 consummatio
1176 2659 1401 2737 prioris.
1448 2655 1676 2718 Gaudeo
1704 2658 1941 2736 primum
1969 2666 2062 2716 tua
2082 2656 2293 2734 gloria,
2458 2730 2459 2735 γ

306 2741 466 2800 cuius
506 2737 575 2801 ad
616 2757 706 2799 me
753 2757 883 2818 pars
925 2740 1107 2819 aliqua
1149 2759 1255 2820 pro
1295 2740 1715 2802 necessitudine
1756 2751 1948 2801 nostra
1983 2739 2384 2808 redundat;3o

304 2821 507 2883 deinde
549 2823 701 2901 quod
742 2827 1063 2885 memoriam
1098 2827 1286 2886 soceri
1327 2826 1437 2885 mei
1475 2823 1868 2903 pulcherrimis
1900 2825 2172 2903 operibus
2206 2825 2296 2882 vi-

302 2905 413 2966 deo
464 2906 737 2984 proferri3
799 2918 1089 2987 postremo
1138 2908 1290 2987 quod
1331 2909 1508 2988 patria
1547 2918 1738 2968 nostra
1776 2908 2062 2985 florescit,
2124 2926 2297 2987 quam

302 2988 434 3048 mihi
462 3006 494 3048 a
523 3007 878 3070 quocumque
908 2991 1093 3052 excoli
1115 2992 1434 3069 iucundum,
1463 3010 1496 3052 a
1525 3001 1582 3052 te
1610 3010 1752 3053 vero
1781 2991 2148 3052 laetissimum
2178 3002 2290 3052 est.

235 3083 286 3141 ,3
305 3071 470 3145 Quod
499 3083 795 3152 superest,
843 3074 983 3135 deos
1013 3094 1222 3154 precor
1250 3085 1310 3135 ut
1339 3077 1574 3136 animum
1604 3076 1772 3135 istum
1803 3076 1935 3153 tibi,
1979 3076 2164 3136 animo
2193 3077 2294 3137 isti

301 3164 524 3234 tempus
555 3174 721 3234 quam
761 3156 1147 3235 longissimum
1191 3159 1449 3220 tribuant.
1507 3157 1646 3220 Nam
1673 3159 1853 3237 liquet
1878 3158 2012 3218 mihi
2040 3159 2385 3224 futurum-35

301 3248 362 3299 ut
382 3248 615 3318 peracto
643 3239 795 3318 quod
823 3243 1078 3321 proxime
1112 3244 1418 3320 promisisti
1447 3241 1684 3303 inchoes
1711 3242 1880 3304 aliud.
1915 3240 2116 3303 Nescit
2138 3245 2295 3304 enim

301 3320 481 3382 semel
512 3323 732 3386 incitata
757 3324 1063 3386 liberalitas
1097 3335 1268 3404 stare,
1305 3328 1464 3387 cuius
1494 3325 1964 3404 pulchritudinem
1991 3345 2128 3411 lgm
2158 3330 2292 3408 ipse

302 3406 665 3467 commendat.
729 3407 890 3467 Vale.
1784 3435 1793 3465 s
1948 3432 1961 3445 .
2004 3412 2071 3458 Ὗ*

2312 2337 2379 2395 25
