2467 3850
126 187 135 194 ”
231 197 329 238 vm
1048 191 1510 246 PRAEFATIO.

230 343 519 414 descriptum
540 345 880 402 essedioerem.
920 362 1050 402 nunc
1067 363 1196 412 vero,
1210 347 1425 403 mediceo
1447 355 1497 402 et
1516 348 1742 418 Vaticano
1754 348 1997 403 codicibus
2017 354 2117 402 tam
2134 349 2242 402 inter
2259 362 2308 402 se

228 443 369 500 quam
390 443 501 483 cum
520 429 774 501 pragensis
793 431 901 487 libri
919 432 1165 502 seripturis
1186 433 1385 494 collatis,
1412 448 1472 486 ex
1495 434 1597 501 ipso
1611 432 1838 495 Mediceo,
1862 439 1972 486 ante
1993 447 2133 503 quam
2156 432 2202 485 in
2219 430 2307 484 lta-

225 511 338 567 liam
361 513 720 578 transferretur,
743 529 770 568 a
792 513 1073 570 Germanico
1093 516 1283 570 librario
1309 515 1598 587 Pragensem
1618 515 1907 586 descriptum
1928 530 2033 570 osse
2057 514 2311 570 certissimis

226 598 521 667 argumentis
541 596 843 667 deprehendi.
881 615 976 670 quo
997 599 1195 671 negotio
1222 614 1319 653 non
1339 601 1497 654 solum
1518 614 1629 653 cum
1650 615 1836 653 summa
1856 600 2162 671 neglegentia
2180 597 2310 652 libra-

224 681 323 735 rius
343 681 537 735 functus
555 688 656 745 est,
699 682 784 737 sed
818 683 959 737 etiam
981 683 1226 753 complura
1248 684 1482 754 cumipse
1502 683 1692 737 novavit
1709 689 1814 738 tum
1835 698 1863 736 e
1888 688 2079 737 centum
2101 682 2309 737 librorum

226 765 418 832 codice,
459 780 555 836 quo
574 773 817 837 praeterea
835 782 950 822 usus
974 773 1059 831 est,
1082 767 1260 822 intulit.
1303 768 1462 838 itaque
1484 766 1597 821 huic
1617 767 1807 838 quidem
1830 767 1982 822 codici
2003 766 2181 822 nullam
2201 766 2311 819 inter

224 848 372 903 libros
392 864 537 903 manu
567 850 771 919 scriptos
797 852 1127 905 auctoritatem
1146 851 1447 907 tribuendam
1466 866 1571 905 esse
1599 851 1722 905 dico.
1785 850 1870 904 sed
1902 856 2049 904 restat
2086 855 2311 919 praeterea

225 933 344 986 alius
374 933 553 999 codex,
587 934 648 989 de
679 949 774 1004 quo
793 934 1032 989 difficilius
1058 941 1131 989 est
1161 935 1391 990 iudicium
1404 977 1418 999 ,
1452 949 1560 988 eum
1584 935 1691 988 dico
1714 949 1741 987 e
1761 949 1855 1005 quo
1876 949 2000 988 anno
2026 937 2159 991 1508
2178 933 2313 987 Aldus
2401 948 2412 955 ·

225 1023 446 1070 octavum
466 1017 641 1072 librum
660 1018 840 1088 primns
860 1025 910 1073 et
925 1019 1173 1090 integrum
1190 1018 1337 1073 edidit
1358 1025 1404 1072 et
1438 1033 1526 1072 suo
1562 1018 1669 1071 loco
1707 1017 1928 1071 restituit.
1983 1017 2042 1072 de
2078 1033 2136 1072 eo
2175 1018 2313 1088 igitur

222 1100 370 1155 Aldus
390 1101 438 1155 in
447 1101 648 1170 epistula
670 1102 729 1157 ad
749 1102 977 1158 Aloisium
1009 1101 1308 1157 Mecenicnm
1316 1101 1547 1157 venetum
1567 1099 1674 1155 data
1694 1099 1813 1153 haec
1836 1100 1980 1155 habet
2015 1099 2133 1156 ‘Sed
2154 1117 2209 1154 ex
2218 1117 2307 1171 quo

227 1190 280 1238 ιιι
304 1198 332 1237 e
355 1183 505 1239 Gallia
531 1210 609 1219 --
628 1184 714 1240 bas
733 1184 871 1241 Plinii
893 1186 1118 1256 epistolas
1138 1187 1185 1240 in
1208 1184 1390 1239 ltaliam
1411 1184 1660 1253 reportasti
1675 1225 1688 1243 .
1737 1185 1786 1237 in
1808 1185 2081 1239 membrana
2108 1186 2312 1254 scriptas,

224 1274 364 1338 atque
385 1268 503 1323 adeo
525 1267 720 1324 diversis
743 1285 771 1323 a
788 1271 962 1325 nostris
978 1269 1340 1331 characteribus,
1361 1273 1417 1321 ιιι
1435 1267 1526 1321 nisi
1549 1267 1653 1338 quis
1674 1267 1755 1321 diu
1776 1269 2047 1332 assueverit,
2071 1284 2167 1323 non
2178 1276 2314 1338 queat

221 1351 402 1423 legere,
429 1353 571 1423 coepi=
591 1367 781 1423 sperare
806 1356 978 1409 mirum
998 1355 1047 1409 in
1068 1353 1263 1407 modum
1277 1394 1290 1414 ,
1319 1351 1423 1406 fore
1445 1357 1598 1406 aetate
1617 1358 1793 1416 nostra,
1816 1358 1871 1406 ut
1889 1353 2078 1422 plurimi
2099 1368 2156 1406 ex
2179 1351 2313 1406 bonis

224 1436 481 1500 autoribus,
504 1452 624 1507 quos
644 1452 741 1492 non
764 1444 925 1492 extare
945 1438 1193 1497 credimus
1216 1435 1527 1491 inveniantur.
1569 1434 1654 1489 Est
1675 1436 1802 1490 enim
1813 1436 2035 1491 volumen
2058 1437 2208 1505 ipsum
2218 1451 2313 1489 non

222 1519 379 1574 solum
398 1521 824 1586 correctissimum,
865 1522 951 1577 sed
971 1522 1111 1575 etiam
1129 1520 1193 1573 ita
1215 1519 1460 1589 antiquum
1472 1565 1485 1586 ‚
1535 1525 1590 1573 ιιι
1610 1526 1773 1589 putem
1794 1520 2023 1589 scriptum
2042 1519 2175 1573 Plinii
2196 1526 2316 1573 tem-

220 1603 430 1673 poribus,
456 1633 537 1644 —
557 1603 696 1661 Nunc
707 1613 895 1673 autem,
917 1604 1044 1675 quod
1071 1618 1337 1673 possumus,
1359 1603 1501 1659 hasce
1525 1602 1731 1657 Secundi
1752 1605 1973 1674 epistolas
1994 1604 2157 1658 damus
2176 1619 2317 1674 quam

222 1689 605 1752 correctissimas,
627 1689 676 1743 in
704 1690 874 1761 quibus
901 1689 1043 1742 etiam
1063 1687 1243 1742 multae
1269 1694 1395 1752 sunt,
1420 1703 1541 1759 quae
1550 1687 1751 1742 antehac
1765 1704 1860 1743 non
1874 1687 2179 1742 habebantur.
2221 1685 2316 1742 Sed

221 1771 308 1825 tibi
334 1772 384 1826 in
404 1773 569 1842 primis
595 1771 808 1827 habenda
836 1778 909 1827 est
940 1772 1142 1841 plurima
1161 1772 1316 1842 gratia
1341 1772 1519 1844 Inclyte
1539 1772 1686 1827 Aloisi
1700 1815 1713 1836 ,
1756 1772 1837 1842 qui
1884 1772 2123 1842 exemplar
2162 1771 2318 1840 ipsum

222 1855 526 1926 epistolarum
557 1857 806 1928 reportasti
830 1857 880 1910 in
899 1856 1079 1910 ltaliam
1093 1897 1106 1920 ,
1154 1855 1364 1928 mihique
1411 1857 1605 1921 dedisti,
1647 1862 1704 1910 ιιι
1744 1871 1972 1910 excusum
2012 1855 2317 1927 publicarem.

223 1937 404 1996 Deinde
424 1942 636 1997 Iucundo
661 1942 919 1996 Veronensi
935 1940 1045 1995 Viro
1066 1941 1308 2012 singulari
1336 1942 1529 2013 ingenio
1546 1983 1559 2004 ‚
1600 1956 1658 1995 ac
1683 1941 1915 1997 bonarum
1932 1942 2192 1995 litterarum
2215 1945 2319 1994 stu-

222 2023 489 2081 diosissimo
504 2068 518 2090 ‚
562 2024 687 2096 quod
729 2030 778 2078 et
811 2025 1000 2080 easdem
1035 2023 1242 2079 Secundi
1285 2025 1508 2095 epistolas
1542 2025 1601 2078 ab
1623 2040 1681 2079 eo
1710 2026 1813 2095 ipso
1833 2024 2087 2095 exemplari
2107 2038 2135 2076 a
2160 2038 2214 2076 se
2235 2023 2321 2078 de-

220 2109 420 2179 scriptas
437 2110 487 2163 in
511 2107 659 2163 Gallia
681 2108 936 2179 diligenter
951 2114 1006 2163 ιιι
1026 2108 1141 2163 facit
1160 2109 1318 2163 omnia
1334 2150 1347 2173 ,
1391 2115 1441 2163 et
1482 2123 1570 2162 sex
1617 2108 1706 2162 alia
1740 2108 1978 2162 volumina
2013 2107 2321 2177 epistolarum

220 2192 390 2262 partim
410 2207 555 2246 manu
575 2192 773 2261 scripta,
807 2193 978 2262 partim
997 2192 1225 2262 impressa
1247 2192 1437 2263 quidem
1450 2234 1463 2256 ,
1498 2191 1584 2246 sed
1607 2207 1718 2246 cum
1741 2192 1944 2263 antiquis
1965 2192 2134 2246 collata
2154 2206 2321 2245 exem-

218 2275 449 2344 plaribuS,
473 2275 533 2330 ad
551 2289 630 2328 me
654 2276 756 2344 ipse
777 2290 863 2330 sua
883 2282 1079 2346 sponte,
1113 2291 1235 2347 quae
1256 2277 1405 2347 ipsius
1425 2282 1499 2331 est
1518 2290 1632 2347 erga
1652 2274 1893 2330 studiosos
1913 2275 2093 2330 omneis
2113 2275 2325 2330 benevo-

210 2359 386 2423 lentia,
409 2359 739 2428 adportaverit‚
762 2359 904 2430 idque
922 2361 1112 2415 hiennio
1135 2366 1257 2424 ante,
1280 2376 1420 2431 quam
1441 2368 1494 2415 tu
1513 2361 1669 2429 ipsum
1689 2360 1806 2413 mihi
1826 2360 2064 2428 exemplar
2074 2358 2325 2428 publican-

219 2444 333 2497 dum
364 2442 649 2497 tradidisses,
716 2442 906 2498 Exeunt
944 2445 1094 2515 igitur
1124 2443 1214 2498 hae
1233 2443 1372 2499 Plinii
1403 2444 1630 2515 epistolae
1661 2445 1710 2497 in
1743 2459 1911 2498 manus
1942 2444 2238 2497 literatorum
2277 2448 2329 2495 et

220 2533 299 2580 tua
321 2533 371 2581 et
389 2525 587 2581 Iucundi
608 2527 757 2581 nostri
775 2527 826 2581 in
846 2528 954 2582 illos
975 2528 1315 2593 benevolentia,
1342 2528 1762 2583 emendatissimae.
1782 2556 1867 2566 -—
1908 2526 2025 2581 Esse
2044 2532 2205 2580 autem
2226 2525 2330 2580 Pli-

217 2610 282 2664 nii
303 2611 524 2680 epistolas
545 2609 604 2665 ad
616 2610 866 2666 Traianum
880 2654 894 2676 ,
918 2611 1080 2666 multis
1099 2612 1359 2667 rationibus
1377 2612 1566 2682 probari
1587 2618 1770 2682 potest.
1804 2612 1889 2667 sed
1908 2610 1981 2664 his
2003 2604 2331 2679 potissimum.

216 2692 427 2749 Primum
441 2737 453 2757 ‚
479 2694 586 2766 quia
606 2694 656 2749 in
678 2695 1001 2766 antiquissimo
1029 2696 1285 2766 exemplari
1310 2712 1403 2751 una
1427 2712 1539 2751 cum
1566 2697 1669 2751 aliis
1697 2702 1751 2750 ut
1770 2712 1859 2751 nos
1878 2694 2216 2763 imprimendas
2240 2708 2333 2747 cu-

215 2778 444 2841 ravimuS,
467 2778 557 2832 sub
577 2778 715 2833 Plinii
739 2778 947 2834 Secundi
970 2781 1161 2835 nomine
1180 2781 1384 2849 scriptae
1403 2786 1545 2836 sunt’.
1586 2781 1851 2835 accuratius
1876 2784 2034 2834 autem
2054 2777 2137 2831 uhi
2157 2778 2337 2831 inven-

214 2866 295 2915 tus
314 2860 459 2916 suerit
479 2863 634 2919 codex
653 2864 796 2918 docet
817 2862 1096 2918 Guilielmus
1116 2863 1337 2919 Budaeus
1355 2863 1483 2919 lctus
1502 2865 1552 2918 in
1573 2864 1965 2919 Adnotationibus
1987 2861 2037 2915 in
2055 2860 2338 2916 pandectas

212 2960 338 3000 anno
362 2950 500 3004 1508
527 2948 732 3017 primum
753 2947 890 3003 editis
911 2949 1048 3016 (utor
1068 2947 1275 3003 editione
1291 2948 1599 3020 Lugdunensi
1619 2964 1742 3003 anno
1764 2950 1898 3004 1563
1918 2947 2069 3012 facta)
2083 2988 2098 3009 ,
2142 2944 2195 2999 in
2217 2944 2337 3016 qui-

213 3030 305 3084 bus
323 3045 435 3085 cum
456 3032 699 3102 complura
722 3047 784 3085 ex
804 3030 973 3086 eodem
995 3031 1160 3087 codice
1179 3031 1414 3096 delibavit,
1437 3038 1544 3086 tum
1563 3047 1611 3102 p.
1627 3035 1741 3095 149,
1763 3037 2014 3102 postquam
2033 3029 2094 3084 de
2116 3029 2338 3099 epistula

214 3113 398 3174 decima
415 3114 524 3169 libri
545 3116 700 3170 octavi
718 3115 949 3186 quaedam
970 3116 1200 3186 ascripsit,
1225 3115 1437 3171 ‘verum’
1459 3117 1611 3186 inquit
1625 3116 1644 3145 ‘
1661 3116 1779 3170 haec
1799 3115 1996 3185 epistola
2015 3119 2065 3166 et
2083 3113 2208 3167 aliae
2229 3128 2345 3167 non

213 3212 395 3267 paucae
414 3199 465 3253 in
486 3198 732 3254 codicibus
749 3199 992 3270 impressis
1014 3215 1111 3254 non
1131 3200 1381 3271 legunturz
1403 3215 1494 3255 nos
1513 3200 1753 3271 integrum
1777 3199 1926 3254 ferme
1944 3196 2150 3253 Plinium
2174 3196 2345 3252 habe-

214 3296 323 3336 mus
341 3282 550 3352 primum
569 3283 693 3354 apud
713 3282 917 3339 Parisios
933 3290 1173 3354 repertum
1194 3298 1338 3354 opera
1358 3283 1558 3338 iucundi
1576 3283 1858 3347 sacerdotis,
1880 3281 2086 3337 hominis
2106 3281 2347 3352 antiqua·
2457 3261 2458 3282 ³

210 3366 283 3431 rii,
315 3365 654 3438 architectique
671 3367 886 3424 nobilis’.
916 3367 1061 3440 digna
1078 3374 1319 3438 praeterea
1341 3383 1461 3438 quae
1480 3366 1671 3438 legatur
1682 3366 1742 3421 de
1761 3381 1819 3421 eo
1839 3366 2005 3422 codice
2026 3369 2099 3418 est
2119 3365 2350 3435 epistula
2457 3365 2458 3428 ἶ

212 3448 439 3505 Catanaei
469 3450 530 3507 ad
552 3449 829 3509 Sadoletum
850 3453 959 3508 data
993 3452 1043 3506 in
1075 3452 1283 3508 editione
1316 3452 1426 3505 anni
1465 3452 1615 3508 1518.
1656 3465 1767 3505 nam
1804 3450 1932 3524 quod
1964 3447 2243 3518 descriptos
2280 3449 2354 3505 de
2457 3535 2458 3538 Ἴ
