2467 3850
564 180 1081 247 EPISTULARUM
1108 196 1388 251 59.—-61.
1417 190 1744 267 [67.-69.]
2016 190 2142 255 219

887 337 1113 399 Lvllll.
1156 336 1417 417 [ψη]

602 434 658 486 G.
687 435 936 489 PLINIUS
969 438 1254 489 TRAIANO
1289 438 1696 492 IMPERATORI.

287 532 512 598 Flavius
554 537 881 618 Archippus
920 555 1026 618 per
1065 541 1302 601 salutem
1333 550 1481 601 tuam
1509 544 2008 621 aeternitatemque
2037 562 2136 622 pe-

161 623 229 683 tit
250 640 283 682 a
306 640 397 682 me
427 630 488 682 ut
517 620 770 681 libellum
799 641 966 702 quem
991 624 1122 683 mihi
1153 624 1305 684 dedit
1335 628 1614 686 mitterem
1651 627 1768 686 tihi.
1831 626 1995 700 Quod
2022 644 2137 704 ego

105 718 141 768 5
160 709 247 766 sic
275 706 496 783 roganti
531 705 923 784 praestandum
949 709 1159 785 putavi,
1192 709 1268 767 ita
1297 719 1480 769 tamen
1503 720 1562 770 ut
1593 712 1887 771 missurum
1919 728 2006 770 me
2035 728 2135 769 no·

157 799 275 848 tum
303 791 632 851 accusatrici
659 790 782 850 eius
813 789 1092 867 facerem,
1124 809 1157 851 a
1187 809 1295 871 qua
1326 803 1384 853 et
1410 796 1532 872 ipsa
1561 802 1858 873 acceptum
1885 792 2136 853 libellum

157 872 247 932 his
283 872 537 953 epistulis
566 875 749 951 iunxi,
793 891 906 952 quo
950 873 1169 935 facilius
1209 873 1370 935 velut
1397 877 1579 938 audita
1607 887 1839 956 utraque
1869 886 2027 956 parte
2056 877 2134 937 di-

160 958 417 1035 spiceres
447 955 579 1035 quid
605 956 955 1018 statuendum
986 967 1234 1036 putares.

70 1137 143 1189 10
923 1107 1038 1168 Lx.
1072 1108 1363 1188 [mm]

819 1206 1138 1259 TRAIANUS
1171 1207 1380 1259 PLINIO
1417 1206 1469 1260 S.

244 1305 429 1366 Potuit
456 1307 677 1384 quidem
710 1310 1005 1386 ignorasse
1045 1310 1393 1372 Domitianus
1433 1314 1488 1372 in
1522 1329 1635 1390 quo
1667 1322 1812 1372 statu
1844 1322 1998 1373 esset
2025 1311 2136 1372 Ar-.

163 1388 439 1469 chippus,
486 1410 612 1457 cum
642 1401 753 1451 tam
790 1392 960 1454 multa
991 1393 1062 1452 ad
1102 1394 1374 1455 honorem
1403 1397 1525 1455 eius
1560 1397 1890 1473 pertinentia
1920 1397 2131 1457 scribe-

159 1483 277 1533 ret:
313 1473 414 1534 sed
454 1492 614 1535 meae
657 1486 886 1536 naturae
927 1479 1398 1539 accommodatius
1441 1488 1531 1539 est
1561 1478 1796 1539 credere
1828 1481 1990 1539 etiam
2022 1489 2132 1540 sta-

73 1570 142 1621 15
162 1559 242 1616 tui
270 1559 392 1617 eius
423 1560 755 1619 subventum
781 1562 1098 1619 interventu
1125 1563 1422 1640 principis,
1451 1563 1783 1639 praesertim
1813 1581 1935 1622 cum
1966 1566 2129 1623 etiam

18 1642 23 1647 ’
159 1650 461 1702 statuarum
490 1644 542 1702 ei
571 1642 750 1701 honor
779 1644 987 1702 totiens
1018 1642 1283 1704 decretus
1326 1647 1398 1704 sit
1430 1644 1499 1703 ab
1528 1646 1596 1704 iis
1628 1647 1719 1721 qui
1756 1664 1872 1706 non
1904 1649 2126 1723 ignora-

155 1725 292 1785 bant
335 1725 465 1804 quid
497 1725 567 1786 de
611 1725 713 1786 illo
755 1723 979 1784 Paullus
1013 1726 1321 1803 proconsul
1364 1729 1796 1805 pronuntiasset.
1862 1728 2018 1802 Quae
2049 1740 2129 1790 ta-

155 1826 318 1886 men,
373 1812 446 1867 mi
479 1807 742 1869 Secunde
786 1809 1103 1886 carissime,
1133 1829 1247 1870 non
1276 1828 1346 1870 eo
1376 1811 1659 1889 pertinent
1688 1819 1779 1886 ut,
1812 1813 1860 1870 si
1890 1812 2020 1889 quid
2049 1811 2129 1871 illi

156 1895 288 1953 novi
321 1894 561 1953 criminis
592 1891 861 1971 obicitur,
904 1894 1082 1954 minus
1127 1894 1196 1958 de
1229 1911 1300 1955 eo
1334 1892 1662 1954 audiendum
1695 1903 1880 1972 putes.
1943 1892 2128 1955 Libel-

68 1975 245 2038 2olos
273 1975 472 2037 Furiae
504 1976 718 2036 Primae
749 1979 1136 2055 accusatricis,
1168 1969 1302 2038 item
1329 1980 1507 2058 ipsius
1535 1977 1842 2057 Archippi,
1873 1996 2017 2056 quos
2047 1977 2125 2038 al-

154 2061 259 2122 teri
288 2057 566 2137 epistulae
594 2069 722 2120 tuae
749 2062 1028 2140 iunxeras,
1058 2060 1192 2139 legi.

876 2211 1018 2274 Lxl.
1061 2213 1377 2292 [vaou

595 2311 646 2362 C.
682 2311 932 2363 PLINIUS
961 2312 1248 2363 TRAIANO
1280 2312 1683 2369 IMPERATORI.

67 2445 138 2497 25
274 2427 357 2487 Tu
398 2430 653 2508 quidem,
695 2430 947 2510 domine,
995 2431 1485 2509 providentissime
1522 2433 1739 2493 vereris
1768 2448 1841 2491 ne
1873 2429 2180 2518 commis-1

156 2532 253 2573 sus
283 2512 488 2574 flumini
532 2525 699 2594 atque
738 2517 815 2574 ita
855 2516 989 2576 mari
1030 2516 1185 2576 lacus
1218 2516 1438 2576 effluat:
1482 2515 1587 2577 sed
1626 2534 1738 2593 ego
1772 2518 1827 2573 in
1859 2533 1922 2575 re
1964 2532 2126 2593 prae-

154 2599 301 2657 senti
340 2599 625 2658 invenisse
663 2598 860 2658 videor
898 2599 1358 2675 quemadmodum
1402 2600 1531 2658 huic
1563 2599 1820 2677 periculo
1863 2614 2127 2657 occurre·

152 2697 292 2738 rem.
350 2681 546 2742 Potest
586 2683 733 2741 enim
765 2678 922 2741 lacus
953 2681 1106 2741 fossa
1133 2700 1315 2759 usque
1344 2681 1413 2742 ad
1446 2683 1651 2741 flumen
1679 2681 1877 2741 adduci
1907 2698 2017 2739 nec
2045 2687 2176 2743 ta-2

151 2780 280 2823 men
307 2765 361 2823 in
393 2764 597 2824 flumen
637 2766 845 2841 emitti,
889 2764 992 2824 sed
1029 2766 1233 2825 relicto
1266 2767 1422 2843 quasi
1453 2766 1701 2840 margine
1726 2763 1998 2822 contineri
2028 2778 2127 2839 pa·

68 2850 291 2909 30riter
319 2856 377 2907 et
406 2847 597 2907 dirimi.
642 2847 738 2906 Sic
764 2864 1175 2925 consequemur
1200 2857 1263 2906 ut
1291 2867 1400 2908 nec
1425 2850 1611 2907 vicino
1639 2847 1893 2906 videatur
1920 2846 2127 2904 flumini

154 2935 360 2992 mixtus
405 2941 463 2990 et
504 2933 575 2991 sit
614 2930 849 3009 perinde
888 2949 956 2990 ac
995 2933 1046 2991 si
1088 2934 1408 2991 misceatur.
1472 2930 1593 2990 Erit
1635 2930 1781 2990 enim
1824 2929 1991 2988 facile
2019 2946 2128 3007 per

154 3016 304 3076 illam
321 3016 715 3089 ¹brevissimam
746 3023 951 3074 terram
983 3032 1125 3092 quae
1157 3014 1509 3074 interiacebit
1536 3013 1770 3073 advecta
1804 3014 1958 3075 fossa
1988 3030 2123 3073 one-

151 3118 213 3159 ra
240 3111 607 3177 transponere
650 3099 705 3156 in
743 3098 966 3158 flumen.
1034 3097 1198 3171 Quod
1226 3100 1302 3158 ita
1332 3099 1461 3174 fiet,
1499 3100 1547 3157 si
1580 3099 1893 3158 necessitas
1926 3106 2174 3175 coget,3

153 3194 233 3260 et,
265 3202 456 3262 spero,
485 3200 596 3243 non
625 3192 815 3259 coget.
851 3180 955 3242 Est
983 3184 1128 3242 enim
1157 3192 1216 3241 et
1246 3181 1400 3241 lacus
1429 3183 1555 3260 ipse
1579 3181 1710 3241 satis
1733 3181 1875 3242 altus
1901 3189 1958 3241 et
1977 3199 2122 3241 nunc

8 3253 16 3274 ⁵
68 3278 136 3333 35
153 3270 211 3326 in
243 3270 566 3328 contrariam
595 3276 808 3345 partem
838 3266 1043 3327 flumen
1072 3268 1303 3342 emittit,
1346 3265 1494 3343 quod
1525 3264 1887 3325 interclusum
1911 3264 2040 3325 iude
2067 3275 2125 3325 et

153 3368 268 3431 quo
294 3351 549 3411 volumus
579 3369 837 3411 aversum
870 3352 991 3411 sine
1023 3349 1140 3410 ullo
1169 3350 1503 3411 detrimento
1532 3349 1689 3410 lacus
1717 3359 1925 3410 tantum
1946 3366 2124 3426 aquae

154 3444 416 3515 quantum
451 3452 596 3495 nunc
634 3443 820 3514 portat
859 3435 1126 3495 effundet.
1188 3432 1488 3494 Praeterea
1525 3450 1632 3513 per
1662 3433 1719 3493 id
1755 3435 1992 3513 spatium
2021 3448 2127 3510 per
