2467 3850
275 173 400 237 124
1115 153 1181 234 c.
1222 171 1413 233 mm

274 327 373 386 vit.
443 323 745 385 Damnatus
788 333 845 384 ct
884 326 940 384 in
965 323 1200 384 insulam
1229 324 1550 402 relegatus:
1591 324 1877 384 Bruttiano
1901 325 2265 385 iustissimum

273 411 603 486 integritatis
646 410 1022 468 testimonium
1065 407 1374 485 redditum,
1436 425 1603 486 quem
1654 409 1878 487 quidem
1920 411 2085 470 etiam
2128 427 2265 469 con-

224 496 510 557 fistantiac
541 492 721 570 gloria
747 502 945 552 secuta
978 502 1082 551 est.
1124 490 1264 551 Nam
1301 492 1570 551 defensus
1606 492 2061 571 expeditissime,
2093 510 2263 552 accu-

275 579 417 637 savit
443 577 811 637 vehementer
848 595 958 636 nec
999 578 1177 634 minus
1222 593 1358 635 acer
1389 593 1551 654 quam
1581 576 1760 636 bonus
1793 586 1849 636 et
1877 579 2133 636 sincerus
2164 595 2262 655 ap-

222 663 471 740 7paruit.
518 659 682 734 Quod
705 660 805 719 tibi
834 661 1075 738 scripsi,
1119 669 1179 719 ut
1220 667 1280 720 te
1322 661 1579 720 sortitum
1619 662 1962 738 provinciam
2004 677 2315 738 praemo-5

270 762 497 822 nerem,
542 745 837 823 plurimum
878 744 979 804 tibi
1024 743 1226 804 credas
1253 762 1363 804 nec
1397 746 1654 821 cuiquam
1684 746 1820 804 satis
1851 743 2021 821 fidas,
2056 744 2263 805 deinde

271 830 450 907 scias,
481 830 528 888 si
561 830 685 907 quis
716 827 863 887 forte
893 837 984 904 te,
1033 825 1183 905 quod
1213 828 1536 904 abominor,
1582 827 1767 903 fallat,
1816 837 2060 905 paratam
2096 828 2262 888 ultio·

218 922 428 980 Snem;
473 930 581 990 qua
618 922 803 972 tamen
845 930 918 971 ne
949 914 1021 970 sit
1049 929 1194 990 opus
1227 914 1392 972 etiam
1419 911 1602 989 adque
1634 916 1795 971 etiam
1840 912 2085 977 attende.
2147 912 2262 973 Ne·

273 1013 385 1074 que
416 998 562 1056 enim
605 1006 717 1056 tam
756 995 1054 1055 iucundum
1102 1005 1192 1056 est
1232 996 1503 1056 vindicari
1544 1014 1706 1074 quam
1745 995 1933 1075 decipi
1973 999 2258 1058 miserum.

269 1078 429 1140 Vale.
2280 1091 2349 1142 10

1144 1160 1354 1224 XXIII.

828 1260 885 1312 C.
921 1262 1171 1313 PLINIUS
1205 1261 1472 1314 TRIARIO
1507 1260 1626 1313 SUO
1656 1259 1708 1312 S.

220 1373 251 1425 1
391 1364 640 1444 Inpense
669 1367 818 1445 petis
849 1374 911 1425 ut
937 1384 1099 1443 agam
1133 1383 1356 1425 causam
1386 1365 1756 1443 pertinentem
1778 1363 1849 1424 ad
1872 1383 2059 1425 curam
2086 1376 2259 1444 tuam,

272 1449 562 1530 pulchram
592 1450 799 1529 alioqui
843 1459 901 1511 et
942 1450 1227 1510 famosam.
1294 1448 1548 1525 Faciam,
1582 1447 1685 1509 sed
1716 1465 1827 1507 non
1856 1452 2049 1527 gratis.
2120 1449 2261 1523 ‘Qui

272 1536 394 1594 fieri
438 1539 648 1612 potest’
690 1536 871 1613 inquis
917 1539 1002 1592 ‘ut
1043 1550 1152 1592 non
1192 1534 1366 1610 gratis
1409 1529 1544 1591 tu?'
1595 1531 1815 1592 Potest:
1861 1535 2079 1611 exigam
2109 1537 2259 1594 enim
2280 1540 2347 1592 15

222 1617 594 1678 2mercedem
631 1617 1011 1679 honestiorem
1038 1618 1285 1695 gratuito
1317 1618 1651 1696 patrocinio,
1710 1614 1845 1675 Peto
1878 1617 2060 1696 adque
2093 1621 2264 1678 etiam

275 1704 538 1780 paciscor
577 1713 637 1763 ut
682 1702 843 1762 simul
877 1712 1005 1780 agat
1046 1699 1362 1761 Cremutius
1391 1699 1569 1761 Ruso,
1632 1699 1868 1759 Solitum
1901 1702 2011 1760 hoc
2038 1702 2169 1761 mihi
2201 1709 2263 1761 et

274 1788 380 1845 iam
424 1788 478 1846 in
522 1786 775 1866 pluribus
824 1786 988 1846 claris
1030 1783 1486 1845 adulescentibus
1541 1784 1866 1843 factitatum.
1931 1783 2071 1843 Nam
2120 1789 2263 1845 mire

274 1872 618 1951 concupisco
661 1872 840 1933 bonos
882 1872 1117 1931 iuvenes
1164 1869 1467 1931 ostendere
1508 1867 1666 1946 foro,
1720 1868 2014 1947 adsignare
2059 1869 2259 1930 famae.

222 1954 440 2029 3Quod
480 1957 529 2014 si
570 1958 693 2033 cui,
742 1965 1034 2034 praestare
1065 1953 1281 2015 Rusoni
1308 1971 1436 2013 meo
1469 1953 1689 2029 debeo,
1720 1953 1813 2013 vel
1845 1964 2083 2032 propter
2104 1963 2257 2015 nata·
2276 1965 2346 2018 20

273 2039 361 2099 les
403 2041 580 2117 ipsius
631 2038 728 2099 vel
769 2047 1005 2117 propter
1047 2040 1303 2098 eximiam
1345 2039 1455 2098 mei
1509 2040 1823 2105 caritatem
1872 2056 2036 2116 quem
2076 2041 2263 2115 magni

274 2126 507 2182 aestimo
552 2124 607 2182 in
648 2122 828 2182 isdem
868 2121 1122 2198 iudiciis,
1167 2139 1243 2180 ex
1282 2122 1460 2181 isdem
1502 2123 1665 2180 etiam
1709 2122 1961 2200 partibus
2005 2124 2262 2199 conspici

222 2206 465 2266 4audiri.
530 2205 732 2282 Obliga
758 2222 881 2280 me,
927 2204 1117 2281 obliga
1158 2214 1286 2264 ante
1321 2223 1482 2282 quam
1514 2205 1689 2273 dicat;
1729 2222 1854 2263 nam
1882 2223 2008 2264 cum
2036 2205 2260 2282 dixerit,

272 2290 477 2366 gratias
507 2306 664 2364 ages.
722 2287 992 2366 Spondeo
1023 2286 1381 2348 sollicitudini
1412 2296 1574 2365 tuae,
1607 2290 1733 2368 spei
1763 2307 1956 2366 meae,
1988 2292 2261 2366 magnitu-

273 2372 383 2430 dini
417 2388 619 2430 causae
650 2371 1032 2431 suffecturum.
1072 2369 1175 2430 Est
1205 2372 1408 2432 indolis
1440 2375 1718 2450 optimae,
1765 2373 1925 2432 brevi
1952 2373 2261 2452 productu-
2279 2384 2347 2437 25

222 2464 367 2516 5rns
409 2453 585 2531 alios,
639 2454 688 2515 si
727 2456 946 2514 interim
987 2465 1296 2532 provectus
1339 2456 1507 2516 fuerit
1550 2475 1582 2517 a
1623 2457 1806 2516 nobis.
1867 2455 2069 2535 Neque
2114 2459 2264 2517 enim

277 2540 529 2615 cuiquam
563 2548 673 2598 tam
714 2536 922 2599 clarum
959 2541 1141 2600 statim
1179 2541 1461 2617 ingenium
1500 2548 1559 2598 ut
1595 2543 1775 2617 possit
1804 2559 2120 2617 emergere,
2152 2543 2266 2600 nisi

272 2621 646 2766 it¹⁷lilmateria⁹
687 2624 951 2700 occasio,
988 2622 1172 2683 fautor
1204 2627 1372 2684 etiam
1395 2624 1926 2702 commendatorque
1953 2626 2261 2701 contingat.

324 2726 354 2767 a
378 2725 428 2766 e.

1147 2806 1387 2868 XXIIII.

834 2908 888 2964 c,
925 2910 1175 2965 PLlNlUS
1214 2909 1435 2959 MAcRo
1473 2908 1594 2959 sno
1630 2908 1684 2962 S.

222 3020 250 3071 1
396 3009 573 3084 Quam
611 3012 842 3073 multum
883 3014 1123 3073 interest
1164 3032 1195 3073 a
1242 3031 1353 3090 quo
1396 3012 1640 3090 quidque
1683 3011 1803 3071 fiat!
1857 3009 2070 3071 Eadem
2114 3012 2264 3070 enim

271 3094 418 3155 facta
451 3093 701 3155 claritate
728 3095 821 3155 vel
852 3096 1197 3158 obscuritate
1228 3096 1548 3156 facientium
1577 3105 1669 3155 aut
1699 3095 1970 3155 tolluntur
1990 3095 2264 3155 altissime

219 3187 364 3241 2aut
409 3176 714 3237 humillime
748 3178 1149 3257 deprimuntur.
1210 3178 1553 3257 Navigabam
1595 3197 1702 3258 per
1740 3178 1959 3239 Larium
1985 3189 2262 3254 nostrum,

273 3281 397 3323 cum
429 3263 619 3322 senior
647 3264 857 3322 amicus
889 3264 1135 3323 ostendit
1160 3264 1292 3321 mihi
1321 3263 1508 3323 villam
1538 3262 1721 3341 adque
1748 3266 1914 3322 etiam
1941 3262 2263 3323 cubiculum
2282 3273 2352 3326 35

273 3345 424 3426 quod
455 3348 509 3404 in
544 3342 727 3404 lacum
758 3349 1063 3423 prominet:
1107 3352 1204 3405 ‘ex
1234 3346 1368 3406 hoc’
1412 3348 1588 3424 iuquit
1617 3346 1940 3425 ‘aliquando
1969 3349 2269 3424 municeps

222 3439 462 3494 3nostra
492 3445 619 3507 cum
646 3431 843 3489 marito
873 3447 938 3488 se
962 3430 1395 3507 praecipitavit.'
1443 3428 1680 3490 Causam
1701 3433 1990 3508 requisivi.
2033 3429 2271 3492 Maritus

2281 2853 2352 2906 30

2436 297 2441 480 3
