2467 3850
633 162 1159 224 EPISTULARUM
1186 162 1364 222 vnn.
1407 172 1492 224 24.
1524 174 1611 225 25.
1635 173 1721 227 26.
2053 162 2173 227 189

188 318 285 394 qui
321 333 427 394 per
454 313 643 375 funem
664 318 722 375 in
751 332 962 376 summa
990 317 1237 376 nituntur
1266 324 1501 395 quantos
1525 314 1745 376 soleant
1778 317 2028 375 excitare
2062 315 2173 376 cla-

186 417 412 475 mores,
461 417 586 458 cum
621 402 725 458 iam
768 402 986 477 iamque
1031 402 1213 459 casuri
1253 400 1526 459 videntur.
1595 399 1734 459 Sunt
1765 402 1911 459 enim
1940 402 2228 464 maxime4

187 482 463 542 mirabilia
505 501 649 562 quae
682 486 916 544 maxime
967 486 1277 581 insperata,
1327 486 1559 542 maxime
1604 483 1956 561 periculosa,
2003 493 2175 562 utque

191 565 396 627 Graeci
427 568 604 643 magis
627 570 961 645 exprimunt,
990 561 1353 645 παράβολα.
1400 566 1537 626 Ideo
1573 585 1923 645 nequaquam
1954 585 2053 645 par
2076 586 2176 643 gu-

136 664 170 714 5
191 652 505 711 bernatoris
537 660 626 710 est
655 653 851 727 virtus,
882 669 1006 710 cum
1032 651 1254 729 placido
1285 659 1343 710 et
1375 669 1500 710 cum
1523 652 1745 711 turbato
1767 652 1901 710 mari
1924 651 2174 710 vehitur:

190 744 328 793 tunc
360 734 665 794 admirante
700 734 856 794 nullo
899 734 1207 795 inlaudatus
1245 734 1590 812 ingloriosus
1624 735 1776 795 subit
1807 743 2058 813 portum3
2109 734 2178 794 ad

192 836 321 878 cum
344 818 579 878 stridunt
604 818 790 895 funes,
824 826 1084 877 curvatur
1113 819 1315 894 arbor,
1341 818 1725 895 gubernacula
1754 828 2014 895 gemunt,
2044 828 2177 878 tunc

191 901 291 960 ille
331 902 513 963 clarus
549 912 606 962 et
635 902 721 963 dis
752 905 917 962 maris
948 905 1251 980 proximus.
1296 902 1474 979 Haec,
1508 904 1638 980 quia
1666 905 1821 962 visus
1859 922 1923 964 es
1952 902 2081 962 mihi
2124 904 2228 967 in5

192 988 422 1062 scriptis
456 988 596 1046 meis
625 987 924 1047 adnotasse
954 987 1222 1064 quaedam
1254 997 1313 1047 ut
1341 987 1547 1046 tumida
1582 1004 1723 1064 quae
1756 1003 1868 1063 ego
1899 985 2177 1060 sublimia,

109 1076 177 1127 10
192 1079 253 1128 ut
284 1071 519 1148 inproba
551 1088 695 1148 quae
739 1088 848 1147 ego
877 1071 1168 1146 audentia,
1211 1082 1273 1131 ut
1310 1072 1475 1130 nimia
1517 1088 1659 1147 quae
1694 1088 1805 1147 ego
1837 1069 2004 1148 plena
2033 1071 2178 1129 arbi-

191 1154 396 1213 trabar.
465 1152 760 1213 Plurimum
793 1165 978 1213 autem
1016 1154 1192 1214 refert
1228 1154 1695 1234 reprehendenda
1728 1155 1961 1215 adnotes
2002 1171 2070 1213 an
2100 1155 2178 1212 in·

193 1240 394 1313 signia.
443 1238 633 1297 Omnis
661 1240 806 1297 enim
833 1238 1071 1298 advertit
1100 1239 1252 1317 quod
1281 1241 1488 1298 eminet
1517 1246 1576 1297 et
1607 1246 1786 1305 extat;
1818 1236 1920 1298 sed
1950 1238 2064 1296 acri
2098 1238 2178 1295 in·
2197 1252 2231 1304 6

194 1323 444 1383 tentione
475 1320 883 1381 diiudicandum
926 1331 1015 1381 est
1055 1321 1392 1383 inmodicum
1434 1324 1506 1382 sit
1536 1340 1604 1381 an
1635 1321 1881 1399 grande,
1915 1321 2081 1381 altum
2113 1339 2180 1380 an

193 1421 447 1464 enorme.
503 1405 704 1484 Adque
739 1415 798 1466 ut
830 1404 1130 1465 Homerum
1156 1407 1509 1485 potissimum
1536 1408 1818 1510 attingam,
1857 1423 2024 1501 quem
2064 1414 2181 1464 tan·

112 1498 178 1549 15
198 1488 327 1548 dem
362 1487 682 1549 alterutram
721 1493 776 1549 in
788 1499 1022 1587 partem
1054 1500 1265 1587 potest
1276 1490 1500 1567 fugere
1516 1480 1685 1567 ἀμφὶ
1719 1483 1790 1548 δὲ
1828 1482 2183 1585 σάλπιγξεν

196 1567 398 1669 μέγας
424 1565 739 1650 οὐρανός·
767 1563 910 1670 ἠέρι
935 1565 997 1632 δ’
1029 1572 1215 1669 ἔγχος
1240 1564 1530 1634 ἐκέκλιτο
1568 1583 1623 1632 et
1651 1582 1825 1632 totum
1854 1571 1990 1630 illud
2025 1562 2182 1631 οὔτε

196 1647 542 1734 θαλασσης
579 1656 756 1734 κῦμα
793 1651 992 1715 τόσον
1026 1650 1239 1738 βοάαῗ
1289 1656 1405 1717 Sed
1447 1674 1611 1755 opus
1626 1665 1715 1716 est
1745 1658 1997 1715 examine
2029 1665 2087 1715 et
2118 1655 2181 1713 li·
2201 1664 2233 1719 7

198 1740 330 1814 bra,
379 1740 600 1818 inquid,
648 1739 999 1800 incredibilia
1042 1741 1150 1799 sint
1192 1739 1334 1800 haec
1379 1748 1458 1798 et
1470 1740 1644 1798 inania
1684 1756 1754 1797 an
1794 1739 2086 1815 magnilica
2127 1747 2185 1799 et

202 1823 490 1883 caelestia.
554 1822 677 1884 Nec
718 1841 866 1883 nunc
903 1841 1013 1900 ego
1047 1842 1135 1883 me
1175 1824 1263 1882 his
1294 1822 1492 1883 similia
1532 1832 1623 1883 aut
1653 1822 1860 1881 dixisse
1890 1830 1981 1880 aut
2008 1839 2185 1900 posse

113 1910 183 1963 20
203 1907 394 1969 dicere
422 1917 578 1986 puto.
634 1906 761 1968 Non
785 1910 859 1968 ita
892 1909 1132 1977 insani03
1173 1907 1277 1968 sed
1306 1908 1416 1968 hoc
1443 1905 1701 1984 intellegi
1732 1904 1889 1981 volo,
1920 1904 2185 1966 laxandos

201 2011 335 2052 esse
367 1993 723 2071 eloquentiae
756 1992 948 2052 frenos
974 2010 1082 2051 nec
1116 1992 1513 2069 angustissimo
1546 2008 1688 2068 gyro
1718 1991 2068 2065 ingeniorum
2087 1990 2185 2047 im·

200 2085 369 2156 petus
397 2076 812 2155 refringendos.
866 2075 956 2136 Ad
993 2079 1138 2136 enim
1165 2076 1273 2136 alia
1304 2074 1548 2137 conditio
1578 2083 1881 2150 oratorum,
1913 2071 2021 2132 alia
2047 2078 2239 2150 poe-8

199 2171 396 2220 tarum.
439 2160 610 2233 Quasi
648 2179 788 2222 vero
818 2159 892 2220 M.
926 2160 1142 2220 Tullius
1180 2162 1360 2221 minus
1402 2159 1621 2219 audeat.
1666 2158 2007 2235 Quamquam
2037 2156 2186 2215 hunc

203 2247 428 2305 omitto.
459 2264 646 2324 neque
673 2249 817 2306 enim
846 2246 1052 2323 ambigi
1080 2254 1235 2323 puto.
1291 2243 1405 2304 Sed
1439 2243 1856 2304 Demosthenes
1891 2244 2051 2320 ipse,
2088 2238 2188 2299 ille

115 2335 182 2387 25
201 2346 394 2388 norma
430 2331 668 2391 oratoris
703 2340 761 2391 et
790 2328 1019 2406 regula,
1061 2348 1190 2388 num
1232 2347 1299 2389 se
1336 2328 1564 2388 cohibet
1607 2338 1663 2389 et
1695 2326 2024 2406 conprimit,
2062 2342 2189 2383 cum

203 2413 340 2472 dicit
367 2416 659 2474 notissima
694 2414 791 2475 illa
823 2407 1178 2514 ἅνθρωποι
1213 2409 1441 2492 μιαροὶ
1473 2407 1582 2472 καὶ
1606 2405 1884 2483 κόλακες
1908 2403 2016 2470 καὶ
2039 2399 2188 2469 ἀλά-

201 2509 451 2595 στορες,
478 2508 535 2558 et
563 2517 755 2559 rursus
788 2490 869 2559 οὐ
909 2499 1125 2569 λίθοις
1151 2488 1433 2594 ἐτείχισα
1456 2488 1578 2575 τὴν
1603 2489 1802 2557 πόλιν
1825 2485 1985 2554 οὐδὲ
2008 2491 2188 2553 πλίν·

201 2570 405 2652 θοις’
379 2574 533 2658 syci,
549 2590 608 2641 et
630 2584 815 2642 statim
838 2572 963 2641 οὐκ
989 2573 1061 2641 ἐκ
1084 2575 1205 2658 μὲν
1227 2572 1559 2678 θαλαττης
1528 2571 1701 2676 ςτὴν
1713 2569 2015 2657 Εὔβοιαν
2037 2593 2191 2672 προ-

206 2660 529 2763 βαλέσθαι
554 2656 681 2743 πρὸ
706 2664 821 2742 τῆς
847 2656 1170 2762 Ἀττικῇς;
1212 2674 1273 2724 et
1299 2664 1432 2725 alibi
1464 2654 1593 2740 ἐγω
1630 2655 1704 2722 δὲ
1739 2653 1916 2757 οἶμαι
1940 2643 2191 2737 μὲν,ω

118 2755 189 2809 3o
207 2740 449 2823 ανδρες
470 2738 838 2826 Ἀθηναῖοι,
863 2739 948 2823 νὴ
969 2739 1127 2818 τοὺς
1148 2738 1357 2819 θεοὺς
1380 2737 1641 2807 ἐκεῖνον
1664 2736 1948 2822 μεθύειν
1969 2739 2061 2822 τῷ
2082 2759 2188 2818 με·

204 2829 393 2911 γε’θει
428 2831 563 2889 τῶν
597 2792 1120 2928 πεπραγμένωνῗ
1162 2831 1279 2889 lam
1307 2828 1441 2908 quid
1466 2827 1759 2888 audentius
1791 2825 1892 2885 illo
1926 2800 2188 2904 pul‘cher·
2207 2830 2240 2884 9

204 2920 346 2975 rimo
379 2931 625 2974 excessu
654 2908 913 3011 νόσημα
935 2906 1128 3012 γάρῗ
1148 2913 1296 2986 Quid
1325 2913 1488 2988 haec,
1516 2912 1775 2972 breviora
1804 2908 2192 2987 superioribus

207 3000 312 3059 sed
336 2997 563 3058 audacia
593 2995 785 3075 paria?
826 2988 973 3057 τότε
1009 2987 1147 3096 ἐγώ
1174 2990 1299 3097 μὲν
1331 2996 1422 3079 τῷ
1456 2987 1746 3055 Πύθωνι
1777 2989 2189 3091 θρασυνομέ-

209 3102 306 3181 vap
342 3077 451 3142 καὶ
485 3082 706 3164 πολλῷ
737 3075 954 3161 ῥέοντι
985 3071 1147 3139 καθ’
1186 3057 1415 3177 ondin&
1445 3077 1535 3138 Ex
1560 3075 1757 3138 eadem
1781 3086 1911 3136 nota
1935 3094 2096 3136 οταν
2120 3069 2193 3137 δὲ

121 3178 194 3232 35
214 3186 288 3227 εκ
325 3142 701 3239 πλεονεξίας
732 3159 840 3224 καὶ
874 3163 1192 3261 πονηοίας
1226 3183 1325 3236 τις
1360 3154 1582 3240 ωσπερ
1619 3146 1815 3234 οὗτος
1847 3151 2115 3261 ἰσχύσῃ,
2151 3151 2192 3238 ἡ

213 3243 437 3329 πρώτη
471 3243 804 3329 πρόφασις
839 3244 949 3308 καὶ
981 3241 1224 3347 μικρὸν
1259 3254 1544 3324 πταῖσμα
1580 3263 1794 3305 παντα
1828 3235 2195 3344 ἀνεχαίτισε

213 3331 321 3394 καὶ
346 3330 628 3396 διέλυσε.
672 3332 870 3394 Simile
899 3334 987 3394 his
1019 3322 1603 3430 ἀπεσχοινισμένος
1632 3319 1835 3390 ἅπασι
1858 3335 1994 3400 τοῖς
2019 3346 2094 3388 εν
2114 3326 2195 3406 τῇ

215 3412 403 3479 πόλει
428 3415 706 3491 δικαίοις
739 3427 797 3479 et
828 3416 1034 3479 ibidem
1062 3407 1146 3477 σύ
1169 3408 1291 3477 τὸν
1314 3413 1404 3489 εἰς
1423 3413 1629 3475 ταῦτα
1656 3411 1842 3474 ἔλεον
1866 3406 2192 3494 προδέδω·
