2467 3850
814 147 1342 211 PANEGYmcus
1371 158 1457 214 85.
1481 121 1571 213 ss.
1594 156 1681 214 87.
2118 151 2242 216 aas

251 312 342 363 est
369 297 588 362 referre
621 297 772 380 quod
808 309 1143 361 tormentum
1172 302 1273 362 tibi
1303 302 1643 379 iniunxeris‚
1670 319 1749 362 ne
1777 301 1913 383 quid
1940 304 2122 364 antico
2142 323 2241 366 ne-

249 404 438 464 gares.
484 385 757 446 Dimisisti
785 389 1054 463 optimum
1086 388 1269 445 virum
1295 387 1508 464 tibique
1540 386 1918 465 carissimum,
1948 388 2153 449 invitus
2182 398 2242 449 et

247 465 459 547 tristis,
516 479 574 529 et
618 470 778 547 quasi
820 473 1067 530 retinere
1108 488 1221 529 nou
1262 487 1488 548 posses.
1551 469 1828 542 Quantum
1867 488 2083 532 amares
2112 491 2241 533 enm

250 553 535 614 desiderio
569 562 841 632 expertus
872 572 971 631 es,
1015 553 1317 615 distraetus
1349 562 1788 633 separatusque,
1835 553 1964 614 dnm
1993 556 2153 617 cedis
2180 565 2241 616 et

194 639 516 702 5vinceris.
578 636 694 715 Ita,
735 637 883 716 quod
917 637 1082 697 fando
1114 639 1451 715 inauditum,
1496 654 1623 697 cum
1651 637 1919 718 princeps
1948 649 2008 699 et
2036 641 2241 719 princi-

245 723 338 800 pis
368 723 580 781 amicus
614 721 838 781 diversa
874 721 1101 781 velletis
1119 766 1136 798 ,
1184 721 1242 781 id
1270 724 1462 799 potius
1492 720 1700 782 factum
1731 730 1821 781 est
1849 723 2001 801 quod
2028 725 2237 785 amicus

245 804 497 864 volebat.
544 803 591 864 Ο
625 822 746 864 rem
775 808 1077 865 memoriae
1107 805 1428 884 litterisque
1455 804 1843 866 mandandam!
1890 808 2239 886 praefectum

246 890 532 967 praetorio
567 906 679 948 non
708 906 781 948 ex
807 889 1197 967 ingerentibus
1224 910 1312 967 se,
1343 890 1448 950 sed
1476 908 1509 950 e
1532 888 1988 951 subtrahentibus
2010 890 2232 969 legere,

246 971 602 1051 eundemque
636 974 753 1033 otio
786 974 937 1051 quod
970 976 1340 1052 pertinaciter
1366 983 1515 1033 amet
1555 971 1831 1050 reddere,
1885 991 2123 1053 cumque
2152 977 2235 1035 sis

151 1068 229 1121 10
246 1056 372 1135 ipse
402 1055 682 1117 distentus
712 1058 931 1136 imperii
974 1059 1155 1131 euris,
1196 1074 1310 1118 non
1346 1058 1551 1136 qnietis
1588 1056 1775 1133 gloria
1814 1060 2068 1137 cuiqnam
2097 1059 2235 1119 invi·

244 1138 404 1199 dere.
465 1139 891 1219 Intellegimus,
936 1139 1182 1219 Caesar,
1226 1152 1491 1221 quantum
1530 1142 1631 1200 tibi
1674 1157 1779 1219 pro
1818 1141 2101 1203 laboriosa
2127 1144 2235 1203 ista

243 1225 484 1283 statione
517 1233 575 1284 et
607 1227 859 1285 exercita
890 1225 1195 1286 debeamus
1214 1272 1232 1303 ,
1275 1244 1402 1286 cum
1431 1225 1607 1285 otium
1634 1241 1667 1283 a
1696 1232 1786 1302 te,
1831 1235 2105 1304 tamqnam
2136 1244 2233 1286 res

251 1306 490 1383 optima,
531 1315 588 1366 et
629 1316 847 1384 petatur
889 1318 945 1367 et
982 1310 1160 1369 detur.
1249 1308 1427 1381 Quam
1472 1326 1582 1385 ego
1626 1308 1793 1367 audio
1839 1308 2229 1367 confusionem

246 1396 394 1447 tuam
412 1390 612 1466 fuisse,
633 1407 758 1449 cnm
781 1390 1183 1467 digredientem
1208 1392 1667 1470 prosequereris!
1691 1391 2031 1451 Prosecutus
2056 1389 2222 1463 enim,

156 1483 232 1536 15
250 1489 357 1531 nec
377 1476 703 1552 temperasti
733 1472 835 1532 tibi
859 1492 971 1551 quo
996 1477 1174 1534 minus
1206 1477 1432 1534 exeunti
1460 1476 1515 1534 in
1544 1474 1709 1534 litore
1738 1473 2029 1553 amplexus
2058 1488 2226 1533 oscu-

247 1555 360 1613 lnm
393 1555 595 1616 ferres.
648 1557 815 1617 Stetit
846 1555 1057 1616 Caesar
1085 1561 1140 1617 in
1171 1556 1265 1617 illa
1298 1558 1573 1616 amicitiae
1604 1558 1873 1635 specula,
1916 1558 2070 1618 stetit
2098 1572 2226 1637 pre·

246 1648 519 1718 catnsque
543 1649 631 1700 est
651 1657 827 1718 prona
853 1642 1024 1700 maria
1055 1640 1449 1718 celeremque,
1486 1641 1536 1699 si
1566 1649 1750 1699 tamen
1772 1644 1898 1717 ipse
1926 1641 2224 1715 voluisset,

244 1740 567 1801 recursum,
602 1741 711 1783 nee
742 1726 1001 1784 sustinuit
1031 1723 1394 1783 recedentem
1415 1740 1526 1783 non
1555 1726 1718 1782 etiam
1743 1731 1913 1801 atque
1935 1725 2100 1782 etiam
2120 1737 2222 1780 vo-

243 1808 316 1865 tis
345 1807 587 1868 lacrimis
616 1809 798 1885 sequi.
844 1807 985 1867 Nam
1007 1808 1078 1867 de
1100 1806 1435 1868 liberalitate
1455 1815 1643 1867 taceo.
1686 1805 1902 1878 Quibus
1933 1808 2079 1864 enim
2105 1822 2223 1863 mu-

147 1891 472 1955 noueribus
495 1893 724 1971 aequari
754 1892 898 1951 haec
924 1909 1054 1952 cura
1078 1893 1377 1970 principis,
1400 1889 1543 1951 haec
1570 1891 1835 1969 patientia
1859 1896 2081 1968 potest,
2113 1905 2223 1966 qua

242 1977 493 2033 meruisti
528 1985 588 2034 ut
623 1975 736 2034 ille>
757 1975 865 2034 sibi
899 1977 1124 2034 nimium
1151 1976 1314 2035 fortis
1356 1993 1423 2035 ae
1458 1992 1640 2053 prope
1682 1973 1851 2033 durus
1893 1968 2221 2031 videretur?

241 2056 367 2117 Nec
400 2058 590 2117 dubito
626 2061 758 2137 quin
792 2061 1084 2136 agitaverit
1112 2077 1309 2118 seeum
1339 2077 1408 2118 an
1431 2057 1814 2136 gubernacula
1841 2063 2218 2133 retorqueret,

243 2149 304 2200 et
330 2141 598 2218 fecisset,
632 2143 739 2201 nisi
770 2142 921 2221 quod
949 2159 1130 2220 paene
1160 2144 1289 2220 ipso
1314 2142 1680 2202 contubernio
1706 2141 1974 2219 principis
1996 2137 2219 2198 felicius

241 2225 649 2304 iucundiusque
680 2236 768 2287 est
793 2226 1115 2287 desiderare
1147 2228 1459 2304 principem
1492 2225 1920 2286 desiderantem.
2002 2221 2077 2283 Et
2117 2222 2217 2282 ille

145 2321 224 2377 25
241 2309 466 2387 quidem
500 2319 560 2368 ut
591 2313 828 2370 maximo
863 2310 1046 2372 fructu
1097 2311 1352 2388 suscepti
1391 2312 1467 2370 ita
1504 2311 1714 2369 maiore
1759 2309 2005 2387 depositi
2042 2305 2216 2366 officii

241 2391 424 2470 gloria
453 2393 682 2472 fruitur,
720 2405 781 2455 tu
822 2405 1009 2455 autem
1046 2394 1314 2456 facilitate
1343 2396 1449 2454 ista
1484 2404 1824 2455 consecutus
1854 2411 1919 2452 es
1953 2410 2024 2452 ne
2047 2407 2217 2469 quem

238 2479 497 2557 retinere
522 2478 763 2537 videaris
797 2481 1044 2540 invitum.
1132 2476 1316 2539 Civile
1348 2479 1460 2540 hoe
1495 2488 1616 2539 erat
1648 2485 1708 2538 et
1741 2478 1954 2555 parenti
1986 2473 2214 2552 publico
2233 2469 2315 2534 87

242 2563 866 2637 convenientissimum,
912 2562 1050 2622 nihil
1091 2580 1341 2639 eogere,
1387 2579 1729 2640 semperque
1751 2560 2071 2620 meminisse
2094 2555 2214 2616 nul-

238 2643 349 2703 lam
381 2654 586 2704 tantam
620 2654 956 2722 potestatem
995 2647 1250 2726 cuiquam
1293 2646 1410 2705 dari
1446 2662 1620 2723 posse
1665 2652 1724 2702 ut
1754 2660 1865 2702 non
1904 2643 1976 2701 sit
2006 2641 2216 2716 gratior

146 2738 524 2806 3opotestate
548 2728 795 2789 libertas.
881 2728 1099 2806 Dignus
1124 2749 1218 2806 es,
1255 2727 1492 2803 Caesar,
1528 2727 1621 2804 qui
1643 2725 1828 2784 officia
1856 2722 2086 2782 mandes
2115 2721 2212 2781 de·

238 2825 455 2891 ponere
486 2812 837 2891 optantibus:
883 2816 976 2891 qui
1010 2813 1331 2891 petentibus
1352 2812 1703 2870 vacationem
1740 2809 1941 2866 invitus
1963 2804 2210 2884 quidem,

231 2894 337 2955 sed
367 2906 552 2955 tamen
580 2896 819 2965 tribuas;
851 2899 944 2975 qui
972 2898 1043 2955 ab
1076 2895 1271 2954 amicis
1300 2894 1590 2954 orantibus
1618 2893 1876 2970 requiem
1902 2906 2015 2950 non
2044 2897 2103 2949 te
2130 2907 2219 2948 re·

228 2979 408 3057 linqui
450 2990 649 3057 putes;
692 2982 785 3057 qui
828 2996 1061 3057 semper
1092 2979 1346 3038 invenias
1379 2988 1438 3039 et
1470 2995 1613 3056 quos
1646 2994 1721 3037 ex
1749 2977 1864 3035 otio
1893 2990 2136 3034 revoces
2164 2982 2222 3033 et

233 3081 378 3141 quos
414 3064 529 3122 otio
552 3062 773 3122 reddas.
817 3063 938 3123 Vos
962 3078 1221 3141 quoque,
1254 3078 1396 3140 quos
1426 3079 1630 3140 parens
1658 3069 1856 3120 noster
1881 3056 2251 3119 familiariter.

143 3157 214 3210 35
235 3149 522 3226 inspicere
553 3147 841 3224 dignatur,
877 3147 1070 3206 fovete
1104 3144 1366 3205 iudicium
1395 3148 1518 3207 eius
1549 3144 1700 3224 quod
1730 3144 1801 3204 de
1831 3143 1996 3203 vobis
2019 3141 2218 3202 habet:

231 3230 323 3291 hic
366 3240 560 3291 vester
597 3231 759 3292 labor
798 3240 903 3291 est.
992 3229 1264 3308 Princeps
1309 3232 1488 3308 enim,
1541 3247 1667 3288 cum
1709 3229 1765 3287 in
1805 3244 1917 3287 uno
1961 3224 2220 3304 probavit

232 3333 416 3373 amare
447 3334 512 3375 se
544 3317 729 3392 scire,
769 3324 932 3374 vacat
963 3312 1161 3392 culpa,
1206 3315 1255 3374 si
1282 3312 1423 3374 alios
1451 3315 1629 3374 minus
1657 3319 1817 3371 amat.
1880 3310 2072 3389 Ipsum
2099 3307 2218 3385 qui-

235 3397 363 3457 dem
394 3401 517 3476 quis
556 3399 917 3460 mediocriter
954 3399 1181 3477 diligat,
1234 3416 1360 3458 eum
1399 3397 1564 3475 leges
1604 3394 1817 3457 amandi
1844 3412 1958 3455 non
1986 3391 2082 3452 det
2114 3388 2219 3453 sed
