2467 3850
305 151 427 219 168
1074 176 1083 182 ⁴
1147 150 1211 212 C.
1254 149 1447 215 1³1.th

302 304 468 365 bibus
501 303 754 365 turbines
768 347 788 381 ‚
829 313 1061 384 proruta
1088 323 1261 384 opera
1291 305 1494 384 quibus
1527 304 1782 385 pretiosa
1813 321 1942 367 rura
1959 301 2302 382 cinguntur,

307 397 564 466 quassata
593 387 776 465 adque
817 391 984 449 etiam
1011 389 1255 450 decussa
1283 392 1640 453 monimenta.
1697 386 1864 449 Multix
1895 388 2170 450 eiusmodi
2201 405 2303 448 ca·

251 484 284 537 6
304 473 461 533 sibus
494 470 796 549 debilitati,
831 473 1052 550 obruti,
1086 473 1310 549 obtriti,
1357 482 1415 533 et
1453 482 1620 533 aucta
1655 472 1901 533 luctibus
1930 472 2144 533 damna.
2203 468 2303 531 Ne

304 555 437 635 quid
478 554 661 616 simile
703 557 831 615 istic
870 573 975 636 pro
1015 574 1278 618 mensura
1305 557 1546 636 periculi
1582 573 1789 617 vereor
1829 565 1999 636 teque
2032 573 2213 635 rogo,
2248 555 2301 615 si

302 638 438 703 nihil
479 638 591 699 tale
608 685 626 715 ‚
668 656 832 717 quam
859 642 1231 701 maturissime
1258 639 1622 704 sollicitudini
1649 658 1811 701 meae
1840 639 2140 716 consulas,
2186 637 2297 699 sed
2317 642 2354 696 5

305 731 363 782 et
389 725 438 783 si
466 722 615 800 tale,
648 723 704 782 id
737 741 963 802 quoque
990 726 1235 784 nunties.
1296 723 1437 784 Nam
1470 724 1695 803 paulum
1723 725 1911 784 differt
1941 725 2170 803 patiaris
2195 722 2301 785 ad·

302 824 471 866 versa
511 825 580 866 an
620 817 956 886 exs;pectes
1000 810 1107 868 nisi
1143 807 1295 886 quod
1323 817 1509 869 tamen
1536 818 1628 868 est
1655 807 1882 868 dolendi
1911 808 2146 883 modus,
2178 823 2307 866 non

305 900 398 951 est
450 889 698 951 timendi.
761 890 978 952 Doleas
1026 894 1172 952 enim
1216 900 1481 969 quantum
1518 894 1670 997 scias
1721 891 2038 970 accidisse,
2095 893 2301 997 timeas

307 984 570 1053 quantum
598 974 782 1055 possit
808 975 1092 1041 accidere.
1155 975 1321 1036 Vale.

1190 1104 1399 1168 XVIII.

862 1206 916 1260 c,
964 1205 1208 1258 numus
1246 1206 1475 1259 numo
1513 1206 1635 1258 suo
1673 1205 1726 1260 S.

257 1332 286 1382 1
382 1306 649 1369 ‘'Falsum
677 1317 766 1369 est
794 1310 1047 1369 nimirum
1067 1308 1221 1388 quod
1250 1309 1497 1370 creditur
1522 1308 1718 1386 vulgo,
1754 1317 2087 1369 testamenta
2113 1305 2297 1367 homi·

306 1411 434 1453 num
462 1391 758 1471 speculum
787 1412 921 1454 esse
948 1410 1182 1469 morum,
1217 1412 1342 1453 cum
1355 1393 1633 1452 Domitius
1657 1388 1852 1453 Tullus
1882 1391 2053 1468 longe
2089 1390 2297 1451 melior

258 1479 624 1556 2apparuerit
654 1486 834 1537 morte
863 1495 1025 1557 quam
1054 1479 1183 1537 vita.
1226 1475 1366 1537 Nam
1393 1494 1528 1539 ‘cum
1549 1496 1615 1537 se
1640 1476 1969 1554 captandum
2000 1476 2293 1554 praebuis·
2312 1487 2378 1542 15

307 1570 427 1638 set,
468 1560 696 1639 reliquit
736 1560 901 1620 filiam
940 1560 1241 1638 heredem,
1301 1579 1446 1639 quae
1489 1559 1571 1619 illi
1601 1577 1727 1620 cum
1754 1560 1927 1621 fratre
1957 1559 2292 1636 communis,

308 1647 436 1723 quia
464 1641 715 1722 genitam
747 1643 916 1704 fratre
957 1645 1344 1723 adoptaverat.
1406 1645 1746 1707 Prosecutus
1776 1653 1866 1704 est
1893 1652 2137 1722 nepotes
2166 1640 2296 1721 plu·

302 1731 457 1788 rimis
485 1727 1009 1807 iucundissimisque
1052 1728 1289 1807 legam,
1342 1738 1680 1807 prosecutus
1723 1729 1889 1788 etiam
1932 1736 2293 1806 proneptem.

303 1811 366 1872 ln
398 1831 641 1891 summa,
671 1814 853 1873 omnia
885 1815 1095 1892 pietate
1116 1812 1475 1892 plenissima,
1522 1830 1590 1872 ac
1621 1820 1773 1872 tanto
1807 1814 1984 1888 magis
2023 1814 2293 1888 inexspe-

257 1907 458 1968 3ctata
485 1905 632 1957 sunt.
692 1893 849 1975 Ergo
877 1899 1015 1957 varii
1046 1906 1163 1958 tota
1208 1898 1432 1957 civitate
1473 1912 1794 1961 sermones:
1847 1895 1937 1955 alii
1978 1895 2171 1955 fictum
2209 1896 2379 1954 iti-2⁰

307 1993 524 2059 gratum
571 1982 933 2041 inmemorem
978 1980 1278 2060 loquuntur
1316 1999 1494 2059 seque
1526 1983 1685 2059 ipsos
1703 2027 1720 2058 ‚
1779 1980 1907 2042 dum
1948 1981 2294 2040 insectantur

305 2066 480 2141 illum,
511 2066 846 2143 turpissimis
876 2066 1328 2127 confessionibus
1360 2063 1632 2145 produnt,
1674 2073 1734 2124 ut
1763 2065 1858 2141 qui
1887 2063 1957 2123 de
1988 2072 2148 2142 patre
2183 2078 2290 2121 avo

305 2164 519 2228 proavo
562 2150 720 2225 quasi
764 2146 834 2207 de
882 2148 1024 2207 orbo
1067 2158 1397 2227 querantur:
1440 2148 1532 2208 alii
1572 2159 1765 2208 contra
1807 2148 1919 2207 hoc
1958 2149 2143 2226 ipsum
2173 2145 2290 2205 lau·

306 2231 467 2290 dibus
508 2230 693 2289 ferunt
736 2230 886 2309 quod
917 2233 988 2291 sit
1011 2231 1304 2291 frustratus
1328 2232 1611 2310 improbas
1641 2249 1779 2310 spes
1807 2231 2034 2292 hominu
2094 2276 2112 2308 ,
2144 2245 2288 2308 quos

306 2316 391 2376 sic
436 2311 705 2390 decipere
753 2330 856 2390 pro
898 2315 1144 2374 moribus
1186 2324 1501 2394 temporum
1540 2315 1833 2393 prudentia
1877 2323 1983 2394 est.
2115 2313 2375 2376 ddunt25

307 2397 474 2456 etiam
495 2412 607 2455 non
639 2395 816 2456 fuisse
852 2398 905 2455 ei
932 2396 1169 2458 liberum
1198 2396 1309 2458 alio
1341 2407 1677 2460 testamento
1707 2402 1876 2467 mori;
1923 2417 2110 2477 neque
2144 2399 2291 2458 enim

305 2479 604 2558 reliquisse
636 2494 780 2557 opes
813 2479 993 2556 filiae,
1044 2481 1148 2540 sed
1186 2481 1502 2542 reddidisse
1537 2485 1737 2561 quibus
1763 2493 1961 2543 auctus
1991 2501 2097 2561 per
2125 2481 2291 2540 filiam

227 2564 510 2628 ‚4fu'erat.
567 2561 705 2621 Nam
743 2561 1007 2623 Curtilius
1036 2563 1289 2643 Mancia,
1333 2583 1575 2645 perosus
1613 2586 1884 2644 generum
1911 2584 2072 2626 suum
2098 2564 2289 2625 Domi-

303 2651 436 2709 tium
463 2646 741 2708 Lucanum
771 2646 974 2723 (frater
999 2650 1049 2710 is
1087 2647 1300 2729 Tulli),
1350 2650 1456 2709 sub
1497 2670 1566 2711 ea
1597 2649 1915 2711 conditione
1946 2650 2112 2709 liliam
2143 2652 2287 2725 eius,

301 2741 532 2811 neptem
560 2749 737 2808 suam,
771 2734 1082 2793 instituerat
1108 2733 1399 2810 heredem,
1433 2736 1483 2793 si
1504 2744 1661 2796 esset
1683 2752 1844 2794 manu
1867 2735 2041 2812 patris
2063 2733 2285 2793 emissa.
2301 2741 2373 2798 30

301 2815 580 2877 Emiserat
609 2824 804 2894 pater,
849 2815 1212 2897 adoptaverat
1253 2828 1516 2896 patruus,
1525 2823 1725 2895 atque
1752 2819 1829 2878 ita
1863 2819 2287 2894 circumscripto

305 2908 640 2960 testamento
685 2917 923 2960 consors
977 2900 1150 2960 frater
1187 2902 1245 2959 in
1288 2903 1460 2979 patris
1505 2909 1847 2978 potestatem
1889 2901 2289 2980 emancipatam

305 2977 474 3040 filiam
506 2982 821 3062 adoptionis
861 2983 1056 3043 fraude
1089 2994 1493 3059 revocaverat,
1547 2994 1606 3044 et
1652 2985 1877 3063 quidem
1916 3002 2044 3044 cum
2085 2984 2288 3062 opibus

259 3076 290 3125 5
309 3063 684 3142 amplissimis.
747 3066 873 3127 Fuit
908 3066 1118 3144 alioqui
1147 3067 1409 3127 fratribus
1433 3066 1545 3126 illis
1576 3070 1735 3148 quasi
1763 3068 1878 3128 fato
1909 3068 2097 3128 datum
2123 3076 2186 3126 ut
2212 3066 2289 3127 di·
2459 3095 2467 3126 t

303 3149 452 3208 vites
480 3148 680 3208 fierent
707 3150 1048 3210 invitissimis
1070 3167 1102 3209 a
1130 3151 1332 3228 quibus
1366 3151 1499 3210 facti
1532 3161 1677 3211 sunt.
1730 3150 1876 3224 Quin
1906 3154 2073 3211 etiam
2094 3150 2286 3211 Domi·
2300 3162 2367 3217 35

304 3232 413 3291 tius
445 3230 619 3307 Afer,
664 3233 758 3308 qui
785 3231 961 3290 illos
944 3251 1001 3292 ιιι
1028 3249 1233 3293 nomen
1265 3234 1608 3312 adsumpsit,
1647 3234 1873 3313 reliquit
1883 3244 2287 3297 testamentum

306 3323 433 3373 ante
466 3276 670 3372 dece⁷1n
703 3323 762 3373 et
791 3325 925 3374 octo
958 3333 1133 3375 annos
1161 3326 1536 3396 nuncupatum
1575 3317 1833 3396 adeoque
1864 3329 2066 3397 postea
2100 3320 2287 3396 inpro-

253 3406 286 3460 6
306 3397 491 3458 batum
517 3397 622 3456 sibi
654 3405 713 3455 ut
747 3398 920 3475 patris
953 3414 1146 3458 eorum
1174 3399 1324 3460 hona
1355 3400 1760 3478 proscribenda
1793 3403 2093 3462 curaverit.
2151 3401 2288 3464 Mira

2254 1066 2383 1131 ‚lo

2456 2045 2467 2074 4

62 3739 357 3815 Δ
