2467 3850
291 182 414 247 268
1171 181 1234 245 C:
1278 182 1468 244 PLINI

290 337 487 398 eadem
532 336 844 415 frequentia
884 336 1194 417 eademque
1242 336 1339 397 illa
1375 336 1657 399 socialitas
1696 334 1970 397 interest?
2028 352 2140 397 non
2176 336 2280 397 tibi

291 438 519 500 semper
558 422 613 481 in
648 421 831 481 medio
875 422 1031 482 cibus
1060 438 1288 498 semper
1329 439 1400 482 ue
1426 438 1620 483 mensa
1650 417 1995 482 communis?
2061 438 2174 482 non
2205 439 2283 480 ex

294 507 560 566 convictu
592 514 786 565 nostro
817 515 1001 566 mutua
1031 506 1317 583 voluptas*
1374 521 1485 565 non
1507 522 1783 585 provocas
1810 504 2119 583 reddisque
2152 523 2279 564 ser-

290 585 533 648 mones?
574 605 685 648 non
720 590 902 669 ipsum
940 598 1162 674 tempus
1196 587 1483 666 epularum
1520 598 1764 663 tuarum,
1811 606 1938 647 cum
1980 587 2280 665 frugalitas

293 672 612 748 contrahat,
663 673 915 732 extendit
956 669 1304 732 humanitas?
1359 671 1485 732 Non
1516 674 1664 732 enim
1691 682 1817 731 ante
1854 672 2097 731 medium
2126 672 2277 731 diem
2299 683 2332 734 5

292 755 568 817 distentus
608 755 858 816 solitaria
901 773 1041 816 cena
1080 765 1372 836 spectator
1415 755 1816 833 adnotaturque
1854 756 2113 815 convivis
2163 758 2278 816 tuis

291 841 560 916 inmineat,
603 858 712 900 nec
754 841 954 901 ieiunis
985 847 1043 900 et
1074 839 1329 900 inanibus
1362 837 1562 917 plenus
1592 840 1719 917 ipse
1760 847 1819 899 et
1851 849 2113 913 ructans,
2161 856 2280 898 non

292 932 404 983 tam
431 923 668 1001 adponis
700 941 863 1002 quam
890 922 1070 982 obicis
1104 923 1262 983 cibos
1295 939 1437 1000 quos
1472 923 1793 1000 dedigneris
1826 917 2133 999 attingere,
2179 940 2277 981 ae-

293 1024 510 1085 greque
534 1024 846 1085 perpessus
865 1007 1169 1084 superbam
1192 1005 1345 1067 illam
1371 1008 1659 1066 convictus
1688 1006 2120 1082 simulationem,
2152 1023 2280 1064 rur·

293 1107 390 1150 sus
411 1099 467 1149 te
489 1088 558 1151 ad
581 1089 977 1151 clandestinam
998 1107 1230 1167 ganeam
1254 1088 1647 1168 occultumque
1670 1089 1858 1149 luxum
1881 1089 2082 1149 refers.
2114 1088 2276 1166 Ergo
2298 1097 2367 1149 10

292 1191 406 1233 non
441 1191 630 1233 aurum
672 1193 782 1234 nec
813 1183 1102 1251 argentum
1144 1191 1255 1233 nec
1293 1175 1569 1251 exquisita
1611 1175 1829 1250 ingenia
1866 1190 2128 1232 cenarum
2169 1173 2280 1233 sed

294 1259 620 1318 suavitatem
649 1268 797 1317 tuam
826 1257 1334 1334 iucunditatemque
1356 1259 1644 1333 miramur,
1690 1257 1892 1333 quibus
1921 1255 2074 1334 nulla
2100 1259 2277 1316 satie-

291 1350 381 1401 tas
420 1339 614 1416 adest,
657 1341 879 1418 quando
922 1343 1142 1402 sincera
1184 1342 1368 1400 omnia
1404 1350 1462 1400 et
1489 1355 1623 1400 vera
1663 1350 1723 1400 et
1755 1349 1945 1400 ornata
1975 1343 2276 1417 gravitate.

289 1421 494 1503 Neque
535 1426 681 1483 enim
723 1432 815 1484 aut
856 1426 1192 1504 peregrinae
1232 1424 1648 1501 superstitionis
1691 1425 1991 1484 ministeria
2035 1432 2129 1483 aut
2170 1423 2276 1482 ob-

294 1524 500 1567 scaena
530 1506 832 1584 petulantia
859 1511 1068 1570 mensis
1099 1509 1372 1588 principis
1401 1508 1656 1584 oberrat,
1700 1507 1805 1568 sed
1844 1508 2094 1584 benigna
2126 1508 2275 1566 invi·
2294 1508 2361 1563 15

293 1591 430 1650 tatio
462 1599 520 1650 et
549 1590 814 1653 liberales
846 1594 959 1652 ioci
990 1601 1048 1652 et
1078 1591 1386 1652 studiorum
1413 1590 1609 1650 honor.
1679 1588 1814 1651 Inde
1844 1590 1943 1650 tibi
1972 1608 2181 1669 parcus
2214 1601 2281 1652 et

295 1673 488 1734 brevis
517 1691 746 1735 somnus
770 1674 1095 1755 nullumque
1124 1691 1314 1735 amore
1343 1677 1519 1735 nostri
1541 1684 1765 1754 tempus
1787 1675 2081 1752 angustius
2110 1692 2280 1753 quam

295 1757 446 1836 quod
475 1757 594 1818 sine
624 1759 787 1819 nobis
814 1762 953 1836 agis.

192 1838 275 1904 50
422 1839 537 1901 Sed
570 1860 694 1902 cum
723 1843 893 1904 rebus
921 1843 1032 1903 tuis
1061 1850 1119 1901 ut
1147 1843 1453 1921 participes
1485 1841 1865 1920 perfruamur,
1908 1860 2053 1920 quae
2095 1843 2274 1904 habe-

292 1943 414 1987 mus
442 1929 551 2005 ipsi
584 1945 746 2005 quam
776 1930 1001 2007 propria
1020 1970 1037 2004 ,
1070 1943 1233 2005 quam
1259 1936 1449 1987 nostra
1481 1926 1635 1986 sunt!
1676 1925 1804 1985 Non
1838 1927 1984 1985 enlm
2006 1929 2364 1988 exturba-20

291 2013 363 2070 tis
393 2010 669 2089 prioribus
700 2010 937 2072 dominis
978 2027 1142 2070 omne
1185 2020 1472 2087 stagnum,
1525 2012 1745 2071 omnem
1784 2009 1997 2088 laeum,
2048 2029 2277 2072 omnem
2466 2064 2467 2079 ἶ

293 2097 457 2154 etiam
479 2094 678 2155 saltum
706 2098 952 2156 inmensa
980 2096 1352 2174 possessione
1377 2096 1750 2154 circumvenis
1767 2140 1783 2169 ,
1815 2111 1925 2153 nec
1946 2097 2109 2155 unius
2134 2111 2275 2155 ocu·

288 2175 362 2236 lis
390 2178 608 2237 flumina
636 2178 821 2240 fontes
849 2180 1016 2238 maria
1050 2177 1391 2238 deserviunt.
1435 2176 1540 2238 Est
1571 2177 1719 2257 quod
1743 2174 1953 2237 Caesar
1974 2195 2087 2237 non
2108 2197 2276 2238 suum

291 2260 511 2336 videat,
565 2261 895 2341 tandemque
934 2264 1224 2339 imperium
1253 2262 1521 2339 principis
1551 2279 1712 2338 quam
1740 2262 2128 2339 patrimonium
2156 2281 2274 2321 ma-

293 2346 380 2403 ius
413 2352 520 2403 est.
588 2343 762 2404 Multa
802 2348 948 2405 enim
979 2364 1052 2405 ex
1083 2346 1413 2422 patrimonio
1447 2345 1624 2404 refert
1656 2346 1711 2402 in
1739 2346 2065 2422 imperium,
2120 2363 2271 2422 quae
2292 2361 2363 2415 25

292 2428 513 2506 priores
542 2428 828 2506 principes
859 2428 1242 2506 occupabant,
1294 2445 1406 2488 non
1434 2437 1493 2487 ut
1521 2429 1630 2506 ipsi
1657 2427 2004 2503 fruerentur,
2060 2429 2165 2489 sed
2196 2449 2277 2492 ne

292 2510 417 2588 quis
447 2510 605 2570 alius.
649 2509 805 2588 Ergo
833 2514 886 2570 in
907 2513 1151 2587 vestigia
1177 2511 1460 2590 sedesque
1482 2510 1751 2571 nobilium
1777 2512 2072 2589 inmigrant
2100 2530 2277 2591 pares

292 2595 528 2669 domini,
570 2612 678 2654 nec
705 2597 812 2654 iam
842 2594 1271 2656 clarissimorum
1298 2598 1541 2654 virorum
1569 2593 1927 2671 receptacula
1955 2594 2277 2657 habitatore

293 2694 461 2739 servo
500 2686 751 2738 teruntur
778 2688 882 2761 ,aut
921 2678 1089 2738 foeda
1118 2681 1376 2738 vastitate
1403 2678 1789 2756 procumbunt.
1860 2677 2036 2738 Datur
2065 2681 2276 2740 intueri

291 2760 691 2838 pulcherrimas
733 2762 905 2822 aedes
948 2761 1177 2831 deterso
1208 2764 1318 2821 situ
1350 2771 1540 2821 auctas
1569 2780 1635 2821 ac
1665 2765 1941 2839 vigentes.
2005 2760 2274 2839 Magnum
2293 2777 2364 2830 30

291 2845 402 2902 hoc
430 2854 582 2903 tuum
616 2863 726 2905 non
754 2864 888 2923 erga
909 2845 1162 2905 homines
1189 2845 1356 2905 modo
1381 2845 1483 2905 sed
1508 2862 1642 2922 erga
1663 2853 1813 2904 tecta
1840 2847 1965 2925 ipsa
1987 2849 2275 2924 meritum,

201 3002 208 3011 ἱ
295 2928 498 2984 sistere
526 2931 742 3002 ruinas,
776 2928 1130 2989 solitudinem
1160 2927 1412 3007 pellere,
1444 2930 1689 3005 ingentia
1720 2946 1892 3006 opera
1920 2929 2124 2988 eodem
2158 2948 2280 3008 quo

298 3017 547 3068 extructa
578 3022 705 3071 sunt
732 3015 911 3072 animo
936 3014 1005 3073 ab
1036 3015 1263 3073 interitu
1289 3012 1592 3071 vindicare.
1653 3011 1804 3075 Muta
1839 3012 2063 3091 quidem
2086 3013 2188 3072 illa
2217 3022 2285 3073 et

227 3092 238 3101 ‘
294 3089 471 3146 anima
497 3097 770 3170 carentia,
814 3098 1023 3156 sentire
1053 3105 1234 3155 tamen
1263 3105 1322 3155 et
1351 3095 1541 3157 laetari
1570 3094 1829 3155 videntur
1857 3095 2006 3174 quod
2035 3098 2277 3174 niteant,

299 3166 449 3247 quod
479 3170 918 3255 frequententur,
952 3178 1100 3257 quod
1124 3178 1418 3256 aliquando
1452 3181 1744 3256 coeperint
1772 3196 1904 3238 esse
1929 3178 2133 3238 domini
2165 3182 2367 3244 sci-35

300 3252 482 3346 entis..
528 3248 927 3319 circumfertur
960 3263 1063 3320 sub
1093 3265 1316 3320 nomine
1347 3260 1606 3322 Caesaris
1636 3260 1819 3320 tabula
1854 3265 2054 3339 ingens
2084 3280 2280 3322 rerum

297 3330 601 3427 vessfflfflm
648 3355 755 3413 quo
786 3343 845 3400 fit
884 3340 1208 3403 detestanda
1236 3348 1461 3405 avaritia
1494 3344 1643 3405 illius
1675 3348 1767 3422 qui
1799 3354 1908 3404 tam
1934 3344 2107 3405 multa
2138 3363 2281 3406 con-

304 3414 664 3493 cuplseebat,
698 3437 823 3480 cum
847 3424 1081 3485 haberet
1111 3443 1462 3502 supervacua
1490 3438 1602 3489 tam
1629 3428 1815 3488 multa.
1856 3427 1996 3487 Tum
2026 3428 2279 3530 exitialis
