2467 3850
711 156 1229 222 EPISTULARUM
1252 156 1321 217 V.
1362 165 1446 222 17.
1473 166 1555 222 18.
1583 166 1666 222 19.
2061 158 2182 225 105

193 310 467 391 Calpurni
507 310 746 371 Pisonis.
811 309 1107 372 Recitabat
1150 310 1690 389 καταστερισμῶν
1729 310 1998 372 eruditam
2047 331 2180 374 sane
2200 331 2233 382 2

190 395 653 473 luculentamque
688 395 991 454 materiam.
1058 394 1283 473 Scripta
1312 393 1495 472 elegis
1525 405 1645 454 erat
1678 395 1977 455 fluentibus
2008 405 2065 455 et
2100 406 2181 456 te-

193 481 349 539 neris
379 490 440 540 et
468 478 778 558 enodibus,
809 477 1143 538 sublimibus
1174 481 1376 555 etiam,
1411 487 1472 538 ut
1500 480 1771 557 poposcit
1804 477 1989 540 locus.
2029 479 2181 557 Apte

195 565 343 624 enim
389 573 449 624 et
485 563 640 622 varie
681 581 829 622 nunc
876 560 1239 622 attollebatur
1269 580 1419 622 nunc
1450 561 1766 623 residebat:
1807 562 2040 623 excelsa
2084 563 2182 623 de·

149 650 452 727 5pressis,
494 647 663 707 exilia
690 646 907 724 plenis,
938 647 1155 705 severis
1185 646 1423 706 iucunda
1451 647 1717 723 mutabat,
1748 649 1927 706 omnia
1954 647 2181 724 ingenio

195 733 337 811 pari.
402 729 838 791 Commendabat
876 729 1021 790 haec
1060 748 1209 789 voce
1256 730 1618 808 suavissima,
1669 748 1875 791 vocem
1907 749 2233 802 verecun·3

194 815 316 876 dia:
359 814 591 875 multum
627 814 948 891 sanguinis,
1000 812 1232 873 multum
1274 812 1668 874 sollicitudinis
1707 816 1764 873 in
1801 832 1937 891 ore,
1982 832 2181 892 magna

195 909 517 960 ornamenta
557 899 864 958 recitantis.
930 896 1154 958 Etenim
1179 898 1380 957 nescio
1413 914 1527 976 quo
1569 906 1750 976 pacto,
1773 899 1952 975 magis
1980 899 2035 957 in
2065 907 2182 958 stu-

194 983 302 1043 diis
331 982 586 1043 homines
623 983 790 1042 timor
828 998 993 1060 quam
1027 981 1231 1041 fiducia
1261 980 1450 1042 decet.
1505 981 1592 1042 Ne
1625 981 1818 1060 plura,
1853 999 2233 1060 quamquam4

107 1081 181 1132 lo
195 1067 338 1127 libet
365 1067 555 1146 plura,
600 1083 714 1143 quo
742 1074 871 1124 sunt
900 1064 1221 1144 pulchriora
1250 1064 1321 1126 de
1360 1067 1596 1143 iuvene,
1645 1066 1853 1127 rariora
1881 1067 1952 1126 de
1981 1065 2180 1142 nobili,

193 1152 527 1212 recitatione
553 1151 701 1209 finita
731 1148 966 1209 multum·
988 1168 1056 1209 ac
1088 1148 1179 1208 diu
1216 1148 1580 1209 exosculatus
1601 1149 2047 1227 adulescentem,
2086 1150 2182 1230 qui

195 1245 289 1296 est
328 1236 631 1295 acerrimus
674 1232 930 1293 stimulus
968 1232 1263 1308 monendi,
1310 1231 1566 1294 laudibus
1603 1234 1861 1312 incitavi,
1909 1242 2183 1311 pergeret

194 1337 304 1397 qua
341 1317 634 1398 coepisset
674 1316 975 1395 lumenque
1018 1317 1169 1395 quod
1219 1317 1326 1375 sibi
1367 1318 1610 1379 maiores
1653 1319 1740 1379 sui
1781 1316 2181 1396 praetulissent

194 1404 443 1481 posteris
488 1405 613 1479 ipse
647 1400 982 1479 praeferret.
1041 1399 1357 1461 Gratulatus
1383 1419 1507 1461 snm
1535 1403 1778 1480 optimae
1813 1399 2005 1477 matri,
2055 1416 2232 1478 gra-5

109 1492 177 1544 15
193 1486 491 1552 tulatuset
519 1486 695 1561 fratri,
730 1487 824 1564 qui
853 1503 927 1544 ex
954 1484 1231 1545 auditorio
1252 1484 1352 1544 illo
1380 1503 1493 1545 non
1513 1486 1783 1546 minorem
1804 1486 2030 1565 pietatis
2054 1484 2180 1562 glo·

191 1571 330 1630 riam
360 1587 524 1648 quam
548 1569 645 1628 ille
676 1569 820 1629 alter
846 1568 1205 1647 eloquentiae
1233 1568 1388 1629 tulit:
1432 1578 1543 1630 tam
1581 1570 1905 1629 notabiliter
1931 1586 2036 1648 pro
2067 1569 2178 1630 fra·

193 1663 282 1714 tre
325 1656 598 1713 recitante
639 1655 874 1729 primum
917 1662 1099 1713 metus
1130 1653 1285 1728 eius,
1337 1670 1470 1712 mox
1499 1653 1760 1729 gaudium
1783 1654 2027 1713 eminuit.
2087 1652 2231 1720 Dii6

190 1737 399 1796 faciant
431 1747 491 1796 ut
522 1736 651 1797 talia
679 1738 780 1796 tibi
808 1738 1037 1814 saepius
1065 1734 1342 1795 nuntiem!
1385 1735 1574 1795 Faveo
1607 1738 1754 1796 enim
1794 1735 2062 1812 saeculo,
2103 1754 2178 1796 ne

194 1823 269 1880 sit
298 1821 495 1881 sterile
525 1830 583 1881 et
616 1821 878 1897 effetum,
911 1822 1163 1898 mireque
1194 1821 1363 1898 cupio
1394 1838 1467 1879 ne
1495 1819 1717 1880 nobiles
1743 1822 1919 1878 nostri
1951 1818 2085 1878 nihil
2121 1820 2178 1878 in

102 1905 449 1969 2odomibus
480 1907 596 1965 suis
624 1904 916 1984 pulchrum
947 1905 1054 1963 nisi
1091 1904 1360 1980 imagines
1387 1902 1654 1964 habeant:
1697 1922 1839 1982 quae
1871 1921 2017 1963 nunc
2046 1902 2178 1962 mihi

188 1988 299 2050 hos
337 1989 737 2051 adulescentes
775 1992 946 2050 tacite
987 1987 1215 2048 laudare
1250 1987 1562 2063 adhortari,
1606 1996 1664 2047 et
1701 1988 1854 2066 quod
1893 1987 2177 2047 amborum

188 2071 407 2150 gloriae
438 2076 574 2134 satis
602 2091 860 2150 magnum
890 2082 1001 2152 est,
1031 2089 1347 2149 agnoscere
1374 2071 1652 2132 videntur.
1711 2069 1875 2132 Vale.

1081 2204 1288 2265 XVIII.

559 2305 613 2359 C.
659 2302 903 2356 PLINIUS
942 2303 1299 2355 CALPURNIO
1335 2303 1554 2355 MAORO
1594 2302 1715 2355 SUO
1752 2302 1805 2358 S.

314 2405 471 2466 Bene
513 2415 603 2467 est
641 2406 804 2482 mihi,
849 2406 978 2483 quia
1008 2405 1105 2466 tibi
1137 2406 1282 2466 bene
1314 2415 1419 2466 est.
1483 2404 1673 2466 Habes
1706 2423 1937 2465 uxorem
1964 2414 2221 2478 tecum,1

186 2489 365 2549 habes
390 2490 589 2557 lilium;
612 2490 816 2548 frueris
836 2490 993 2566 mari,
1018 2488 1288 2567 fontibus,
1318 2490 1609 2567 viridibus,
1639 2508 1800 2567 agrO,
1832 2488 1967 2549 villa
1987 2506 2174 2548 amoe-

185 2575 439 2633 nissima.
501 2571 701 2651 Neque
743 2573 891 2632 enim
932 2571 1124 2632 dubito
1165 2591 1300 2633 esse
1346 2575 1821 2649 amoenissimam,
1875 2574 1931 2631 in
1970 2590 2079 2646 qua
2106 2589 2173 2632 se

4 2714 14 2739 ,
190 2666 571 2734 conposuerat
598 2658 766 2716 homo
806 2655 1032 2716 felicior
1064 2665 1191 2716 ante
1235 2675 1399 2734 quam
1425 2655 1789 2717 felicissimus
1821 2657 1997 2715 fieret.
2044 2653 2224 2731 Ego2

5 2770 8 2787 =
101 2740 249 2813 30in
277 2737 479 2801 Tuscis
508 2751 566 2800 et
594 2758 772 2800 venor
801 2748 859 2800 et
884 2738 1084 2799 studeo
1101 2784 1118 2817 ,
1164 2757 1309 2818 quae
1337 2740 1612 2801 interdum
1638 2738 1865 2799 alternis
1898 2736 2174 2797 interdum
2258 2792 2263 2803 ,

188 2822 355 2884 simul
399 2823 544 2883 facio
563 2869 580 2901 ,
629 2842 739 2883 nec
781 2833 963 2883 tamen
1003 2824 1183 2883 adhuc
1223 2842 1458 2902 possum
1494 2824 1851 2902 pronuntiare
1887 2830 2067 2880 utrum
2098 2820 2174 2881 sit

188 2907 476 2969 difficilius
508 2926 716 2987 capere
748 2906 955 2985 aliquid
981 2925 1050 2966 an
1080 2908 1353 2969 scribere.
1412 2907 1575 2968 Vale.

1063 3038 1299 3101 XVIIII.

96 2340 171 2414 '25

5 3148 6 3155 ’
103 3169 172 3224 35
727 3139 781 3190 C.
818 3139 1066 3191 PLINIUS
1099 3136 1378 3188 PAULINO
1417 3135 1535 3187 SUO
1579 3135 1632 3191 S.

311 3242 495 3305 Video
530 3262 692 3324 quam
712 3244 959 3306 molliter
986 3254 1114 3305 tuos
1142 3244 1385 3304 habeas.
1415 3260 1528 3321 quo
1561 3241 1873 3321 simplicius
1901 3241 2002 3302 tibi
2039 3260 2172 3302 oon·
2190 3257 2222 3308 1

189 3328 395 3388 fitebor
416 3346 526 3406 qua
555 3328 899 3406 indulgentia
924 3346 1083 3388 meos
1111 3338 1362 3388 tractem.
1425 3327 1532 3386 Est
1568 3327 1699 3386 mihi
1696 3344 1954 3426 semper
1979 3327 2035 3384 in
2061 3329 2172 3386 ani·
2188 3339 2222 3390 2

189 3427 282 3471 mo
309 3422 370 3473 et
407 3411 767 3474 Homericum
801 3411 938 3473 illud
977 3404 1189 3492 πατὴρ
1226 3402 1292 3472 δ’
1333 3401 1422 3485 03⁸3
1452 3402 1646 3491 ἤπιος
1676 3396 1798 3491 ἦεν
1835 3419 1894 3469 et
1925 3408 2038 3469 hoc
2068 3426 2168 3469 no-
