2467 3850
327 181 452 247 202
526 224 531 237 ·
928 181 994 244 C.
1035 181 1229 245 PLINI
1264 181 1362 245 ΕΤ
1403 180 1715 245 TRAIANI
2457 0 2463 241 Ι

1098 334 1277 397 vnn.
1319 334 1541 414 [xm
2457 274 2463 555 Ι

990 432 1311 485 mamlius
1344 432 1556 485 PL1N10
1592 432 1648 488 S.

447 531 521 594 Et
545 534 828 614 privatas
853 532 1055 594 multas
1087 544 1145 595 et
1169 550 1364 594 omnes
1389 534 1646 613 publicas
1672 551 1868 594 causas
1892 531 2125 612 petendi
2156 549 2314 591 com·

323 625 541 677 meatus
580 616 899 678 reddidisti:
941 617 1074 678 mihi
1115 626 1298 677 autem
1336 618 1430 677 vel
1478 617 1601 678 sola
1640 616 1899 677 voluntas
1928 626 2021 676 tua
2052 616 2316 676 suffecis-

323 708 436 761 set.
497 698 699 779 Neque
740 703 888 761 enim
928 701 1122 762 dubito
1155 711 1251 778 te,
1302 711 1361 761 ut
1388 704 1623 780 primum
1648 702 1935 779 potueris,
1988 700 2058 760 ad
2085 708 2198 759 tam
2228 699 2359 761 ‹ii-5
2461 738 2462 761 ÷

266 856 274 871 ι
324 786 581 845 strictum
613 784 862 846 officium
898 802 1276 846 reversurum.
1336 785 1581 846 Statuam
1611 787 1745 864 poni
1774 785 1905 845 mihi
1939 803 1972 844 a
2000 792 2059 844 te
2089 800 2166 843 eo
2197 799 2314 861 quo

326 866 614 930 desideras
645 867 812 947 loco,
844 886 1172 948 quamquam
1199 870 1473 929 eiusmodi
1501 869 1774 930 honorum
1800 869 2199 948 parcissimus,
2232 877 2311 927 ta·

325 969 453 1013 men
483 954 689 1033 patior,
718 972 790 1015 ne
819 953 1108 1033 inpedisse
1142 970 1366 1013 cursum
1396 972 1533 1032 erga
1561 971 1652 1013 me
1679 954 1906 1033 pietatis
1933 961 2065 1012 tuae
2090 950 2308 1011 videar.

1191 1104 1264 1166 X·
1299 1104 1412 1184 Ν]
2329 1135 2391 1186 10

758 1202 812 1258 G.
850 1202 1097 1255 PLINIUS
1131 1203 1416 1255 TRAIANO
1451 1202 1856 1257 IMPERATORI.

279 1323 311 1375 1
452 1305 811 1387 Exprimere,
842 1306 1087 1386 domine,
1118 1308 1308 1370 verbis
1330 1326 1442 1369 non
1473 1326 1708 1387 possum
1737 1316 1943 1386 quanto
1972 1325 2064 1366 me
2100 1302 2310 1384 gaudio

323 1390 634 1454 adiecerint
677 1391 953 1468 epistulae
1003 1402 1168 1469 tuae,
1221 1410 1296 1452 ex
1340 1393 1543 1471 quibus
1587 1394 1831 1469 cognovi
1871 1401 1927 1451 te
1972 1391 2311 1470 Harpocrati

322 1473 633 1554 iatraliptae
664 1492 791 1534 meo
822 1484 879 1536 et
915 1475 1345 1535 Alexandrinam
1389 1478 1669 1536 civitatem
1705 1477 2006 1553 tribuisse,
2052 1476 2309 1553 quamvis

324 1557 634 1619 secundum
673 1559 1074 1631 institutionem
1115 1560 1430 1639 principum
1468 1578 1580 1620 non
1609 1569 1823 1621 temere
1855 1578 1978 1619 eam
2008 1557 2145 1619 dare
2177 1571 2385 1638 pro-15

324 1643 638 1722 posuisses.
677 1641 826 1702 Esse
857 1652 1042 1703 autem
1069 1643 1396 1722 Harpocran
1425 1643 1637 1723 νομοῦ
1660 1643 2097 1723 Μεμφιτικοῦ
2119 1643 2308 1703 indico

273 1740 310 1793 2
328 1725 445 1786 tibi.
504 1722 673 1803 Rogo
696 1743 873 1804 ergo,
916 1726 1399 1804 indulgentissime
1430 1722 1766 1808 imperator,
1809 1737 1869 1787 ut
1890 1727 2019 1786 mihi
2049 1725 2122 1786 ad
2147 1726 2308 1786 Pom·
2457 1652 2463 1807 Ι

325 1809 516 1891 peium
544 1809 808 1886 Plantam,
845 1809 1196 1889 praefectum
1220 1810 1493 1891 Aegypti,
1520 1813 1754 1871 amicum
1777 1820 1965 1887 tuum,
1996 1813 2148 1869 sicut
2176 1827 2307 1888 pro-

322 1895 542 1972 misisti,
566 1893 862 1974 epistulam
882 1896 1083 1958 mittas.
1126 1892 1363 1954 Obviam
1385 1897 1581 1974 iturus,
1612 1913 1725 1974 quo
1745 1897 2032 1973 maturius,
2058 1894 2305 1971 domine,

323 1980 731 2058 exoptatissimi
761 1978 1031 2039 adventus
1069 1979 1150 2038 tui
1184 1980 1390 2056 gaudio
1418 1979 1526 2040 frui
1557 1982 1794 2060 possim,
1834 1996 1979 2057 rogo
2009 1981 2385 2059 permittasao

322 2061 454 2122 mihi
484 2080 647 2142 quam
673 2061 1000 2141 longissime
1032 2079 1336 2146 occurrere
1358 2063 1475 2127 tibi.

759 2292 813 2342 C.
845 2294 1094 2347 PLINIUS
1121 2295 1412 2347 TRAIANO
1447 2295 1858 2348 IMPERATORI.

272 2407 304 2459 1
440 2390 691 2453 Proxima
728 2395 1008 2459 infirmitas
1047 2416 1206 2476 mea,
1263 2398 1518 2475 domine,
1571 2397 1844 2476 obligavit
1881 2416 1975 2457 me
2012 2397 2304 2459 Postumio
2319 2415 2382 2469 25

320 2472 537 2535 larino
565 2477 814 2547 medinm
856 2483 946 2540 cui
990 2498 1179 2560 parem
1208 2484 1443 2560 gratiam
1477 2482 1696 2542 referre
1723 2482 2006 2542 beneficio
2035 2491 2136 2542 tuo
2170 2500 2304 2562 pos-

321 2576 467 2637 sum,
498 2560 547 2620 si
576 2561 845 2640 precibus
878 2567 1021 2624 meis
1050 2584 1123 2625 ex
1155 2565 1568 2626 consuetudine
1593 2566 1859 2626 honitatis
1886 2575 2016 2626 tuae
2050 2566 2306 2627 indulse-

266 2644 415 2712 πίε.
476 2642 646 2723 Rogo
687 2664 827 2723 ergo
862 2657 923 2709 ut
964 2651 1293 2729 propinquis
1335 2651 1457 2708 eius
1487 2649 1589 2711 des
1618 2651 1936 2727 civitatem,
1973 2648 2303 2730 Chrysippo

314 2725 645 2790 lithsidatis
667 2732 943 2810 uxorique
956 2731 1622 2812 ChrysippiStratonicae
1643 2732 1913 2813 Epigoni,
1942 2735 2079 2794 item
2105 2733 2303 2794 liberis

316 2811 570 2873 eiusdem
598 2813 935 2894 Chrysippi,
961 2815 1225 2895 Epigono
1254 2825 1313 2876 et
1340 2814 1672 2893 Mithridati,
1701 2818 1777 2877 ita
1803 2825 1864 2877 ut
1887 2819 2000 2877 sint
2028 2819 2087 2876 in
2122 2820 2299 2896 patris
2316 2836 2378 2889 30

316 2903 600 2969 potestate
634 2907 811 2977 utque
854 2900 922 2959 iis
953 2901 1008 2958 in
1038 2900 1276 2961 libertos
1308 2909 1567 2960 servetur
1593 2902 1681 2958 ius
1707 2910 2089 2979 patronorum.
2158 2900 2302 2960 Item

314 2991 461 3052 rogo
488 2979 781 3059 indulgeas
809 2984 897 3042 ius
922 2982 1219 3056 Quiritium
1244 2981 1304 3042 L.
1341 2982 1522 3042 Satrio
1549 2983 1873 3045 Abascanto
1903 2993 1963 3044 et
1994 2983 2058 3042 Ρ.
2089 2982 2301 3044 Caesio

314 3054 646 3152 Phosphoro
676 3074 735 3124 et
762 3065 1101 3128 Panchariae
1122 3064 1397 3136 Soteridi3
1425 3066 1579 3147 quod
1604 3084 1640 3126 a
1663 3076 1725 3128 te
1754 3067 2081 3129 volentibus
2108 3077 2302 3147 patro-

314 3157 403 3198 us
430 3152 587 3218 peto.

1119 3231 1250 3292 xn.
1288 3230 1460 3312 [vn]
2314 3253 2375 3306 35
2461 3259 2462 3262 Ν

744 3324 803 3378 α
840 3328 1091 3380 amnes
1126 3330 1414 3381 ‘mxumo
1449 3331 1854 3384 mmmm.
2461 3349 2462 3360 2

262 3438 297 3488 1
428 3422 1225 3504 scindens-Quemne·
1252 3441 1418 3512 tuae,
1462 3434 2301 3514 quaeesthenehciendite-
