2467 3850
717 203 1185 257 DISCREPANTIA
1221 204 1635 257 SCRIPTURAE.
2120 222 2236 263 xvu

133 358 326 408 uidetur
343 352 371 425 ΙΙ
393 356 462 413 20
491 356 750 421 caepionis
777 357 1024 407 sententia
1058 351 1162 424 Ι34
1188 353 1726 408 ῬΠΊῸΔΡΟΜΟΝ
1741 353 1764 424 ΙΙ
1789 358 1873 420 73,
1904 358 1969 409 14
1991 359 2230 423 Neque-

130 427 260 477 valet
293 441 384 476 om.
440 420 472 544 ΙΙ
521 427 588 476 22
623 425 772 475 modo
807 424 892 473 hic
947 420 972 493 ΙΙ
1064 426 1097 476 2
1131 427 1335 475 tristitia
1391 423 1416 495 ΙΙ
1473 427 1568 487 74,
1607 426 1668 478 31
1709 441 1885 491 rapere
1939 422 1963 494 ΙΙ
2022 429 2125 488 75,
2163 429 2231 480 12

130 495 235 561 qui]
267 496 347 544 cui
366 489 394 563 ΙΙ
478 493 512 544 6
539 494 632 544 sed
666 501 832 543 tamen
869 495 1097 556 quaestio
1138 509 1227 544 om.
1255 489 1279 562 ΙΙ
1303 496 1371 546 20
1400 502 1455 544 ut
1479 520 1552 533 -
1573 495 1673 546 feci
1709 510 1799 546 om.
1873 494 1939 546 33
1990 505 2039 546 te
2070 512 2160 546 om.
2184 492 2210 564 ΙΙ

130 563 194 615 37
231 561 490 629 laxavero]
535 563 847 617 intermisero
902 557 928 630 ΙΙ
987 562 1083 622 76,
1119 561 1152 613 3
1184 562 1286 612 hnc
1341 559 1366 632 ΙΙ
1425 563 1486 614 11
1527 579 1647 630 ergo
1677 579 1769 615 om.
1904 563 1968 615 13
2003 574 2233 615 emuntur

133 634 296 683 omnia
327 640 495 682 autem
521 646 732 698 peregre
761 640 992 680 emuntur
1023 631 1295 696 inpenditis
1317 626 1341 700 ΙΙ
1394 635 1461 684 27
1486 633 1757 684 edocentur
1793 628 1805 700 Ι
1859 630 1927 683 33
1948 635 2232 699 susceperis

148 695 175 770 ΙΙ
196 702 287 760 77,
318 703 352 752 2
388 700 467 768 ea]
509 716 571 750 ex
591 695 617 769 ΙΙ
640 699 673 750 9
703 700 830 749 haec
850 694 876 768 ΙΙ
899 699 966 750 14
999 700 1267 767 quaedam]
1306 716 1435 765 qnae
1481 696 1507 770 ΙΙ
1562 700 1629 752 33
1663 717 1745 752 me
1810 717 1867 751 as
1897 717 2036 752 meas
2071 717 2232 767 nugas

131 772 202 821 ita
229 771 502 820 inscribere
557 765 582 837 ΙΙ
640 767 706 819 37
742 776 941 834 praesto
970 784 1061 821 om.
1086 763 1115 837 ΙΙ
1169 767 1254 830 78,
1290 772 1324 820 2
1359 771 1553 821 diceres
1576 766 1600 839 ΙΙ
1657 772 1688 820 7
1715 770 1866 837 certe]
1906 766 2003 838 ex]
2075 770 2160 836 79,
2198 773 2231 823 5

131 839 541 904 occupationibus
596 832 622 906 ΙΙ
685 836 747 888 13
777 839 1008 887 iuvenem
1041 852 1132 888 om.
1272 837 1366 899 80,
1420 839 1447 889 1
1499 840 1620 889 mihi
1661 840 1865 902 quidem
1922 834 1948 908 ΙΙ
2082 847 2233 905 atque

122 906 230 974 hic]
285 908 353 958 ad
397 906 496 956 hoc
551 898 577 976 ΙΙ
632 905 667 957 8
701 906 998 957 sanctiorem
1049 921 1138 956 om.
1251 907 1311 958 11
1351 908 1434 958 ille
1473 923 1506 958 a
1556 924 1638 958 me
1681 903 1706 977 ΙΙ
1750 908 1818 960 23
1855 910 2036 959 deinde
2069 902 2213 977 omn

129 977 196 1028 26
225 992 308 1026 me
341 991 429 1026 om.
484 970 510 1045 ΙΙ
568 976 635 1026 28
671 984 726 1025 ut
758 990 849 1026 om.
907 969 935 1042 ΙΙ
991 974 1058 1027 33
1093 989 1175 1026 me
1208 991 1310 1026 non
1344 977 1507 1027 solum
1546 978 1747 1027 ueniam
1791 972 1819 1046 ΙΙ
1868 976 1936 1028 37
1974 976 2051 1027 vel
2082 978 2232 1027 etiam

131 1044 613 1097 commendationem
655 1060 748 1097 om.
806 1038 832 1113 ΙΙ
888 1042 952 1094 81
974 1081 989 1106 ,
1044 1046 1114 1096 24
1164 1047 1358 1095 nuntiet
1414 1040 1441 1114 ΙΙ
1498 1048 1566 1099 34
1600 1046 1868 1096 honestum
1923 1040 1950 1115 ΙΙ
2001 1045 2069 1097 35
2115 1060 2230 1112 pre-

129 1116 343 1166 lectione
395 1108 420 1182 ΙΙ
477 1112 544 1165 36
583 1114 803 1179 parentis
835 1113 947 1163 uice
990 1113 1224 1164 dilexeris
1261 1130 1441 1178 meque
1481 1131 1513 1165 a
1554 1116 1771 1181 pueritia
1821 1109 1832 1183 Ι
1901 1113 2000 1176 82,
2056 1115 2080 1164 1
2131 1115 2231 1164 ele-

128 1197 273 1251 geres
307 1181 375 1231 M
401 1182 613 1248 eligeres
656 1184 711 1234 V
724 1177 753 1251 ΙΙ
773 1184 842 1232 22
867 1196 1024 1248 angor
1056 1183 1357 1247 optimorum
1394 1185 1685 1234 maritorum
1719 1199 1810 1234 om.
1859 1178 1871 1252 Ι
1910 1183 1977 1234 26
2013 1181 2162 1248 fulgit
2179 1178 2208 1250 ΙΙ

128 1254 193 1304 27
228 1260 278 1302 et
312 1266 405 1303 om.
443 1245 470 1320 ΙΙ
509 1251 576 1302 28
614 1251 688 1300 illi
731 1252 864 1316 patri
903 1266 992 1302 om.
1037 1246 1062 1319 ΙΙ
1102 1249 1171 1302 29
1201 1251 1300 1303 hoc
1332 1268 1423 1304 om.
1450 1248 1476 1322 ΙΙ
1531 1252 1598 1305 38
1633 1251 1913 1303 celebratur
1953 1245 1978 1319 ΙΙ
2030 1250 2124 1310 83,
2164 1250 2231 1302 13

129 1318 351 1385 orbatus]
384 1328 562 1386 captus
661 1320 728 1373 32
755 1328 951 1385 oportet
984 1321 1151 1369 uirum
1181 1321 1252 1370 ita
1284 1336 1540 1373 senescere
1561 1318 1586 1390 ΙΙ
1643 1321 1710 1373 36
1733 1321 1958 1384 impetire
1981 1314 2007 1386 ΙΙ
2056 1319 2143 1379 84,
2164 1320 2231 1372 10

130 1390 533 1440 conuersationes
664 1390 730 1441 12
765 1389 852 1439 alii
882 1389 1086 1439 exulant
1123 1390 1214 1439 alii
1234 1385 1296 1507 A}
1354 1391 1419 1442 17
1454 1393 1600 1441 nobis
1661 1391 1802 1440 bonis
1895 1388 2159 1438 defuerunt
2194 1384 2209 1456 Ι

133 1458 195 1510 18
237 1473 419 1509 aevum
454 1468 602 1525 putes
1280 1459 1576 1510 AAATAT
1628 1455 1826 1507 THEP
1881 1455 2144 1505 ΣΜΑΣΕ
2198 1459 2228 1507 1

129 1531 160 1580 5
185 1529 314 1578 inter
348 1543 406 1578 se
424 1543 481 1578 se
509 1535 615 1578 tam
650 1527 953 1577 effrenataM
981 1529 1109 1577 inter
1142 1542 1200 1577 se
1227 1535 1332 1578 tam
1349 1528 1587 1578 effrenata
1619 1528 1673 1578 V
1686 1521 1712 1595 ΙΙ
1734 1524 1768 1576 9
1797 1525 2227 1592 recognoscendos

128 1595 586 1663 emendandosque]
623 1596 866 1663 legendos
902 1598 1435 1662 recognoscendosque
1456 1592 1481 1664 ΙΙ
1518 1595 1575 1647 11
1621 1595 1852 1644 libentius
1899 1596 2158 1659 suscipere

131 1666 194 1715 12
224 1680 376 1731 super
409 1665 537 1716 haec
586 1665 998 1731 occupatissimus
1039 1680 1129 1715 om.
1156 1660 1181 1734 ΙΙ
1227 1665 1294 1717 23
1339 1667 1623 1715 recitantem
1659 1678 1748 1712 om.
1772 1658 1797 1735 ΙΙ
1820 1661 1883 1714 31
1930 1676 2159 1713 occurrat

128 1733 194 1785 38
240 1749 411 1784 amare
455 1729 482 1803 ΙΙ
530 1734 622 1795 86,
671 1736 703 1785 5
751 1733 964 1785 exhibeo
1016 1729 1042 1802 ΙΙ
1096 1733 1163 1785 33
1203 1742 1279 1784 est
1325 1748 1415 1784 om.
1469 1727 1495 1798 ΙΙ
1548 1731 1614 1783 35
1642 1738 1764 1794 post
1810 1732 1957 1781 fortis
2004 1733 2127 1784 add.
2178 1740 2227 1783 et

126 1817 336 1868 praecor
373 1802 441 1852 M
469 1811 520 1853 et
552 1810 755 1869 praetor
796 1804 851 1854 V
865 1798 891 1870 ΙΙ
947 1801 1015 1854 38
1048 1803 1130 1853 vel
1149 1809 1330 1867 priore
1359 1803 1465 1853 loco
1500 1814 1590 1850 om.
1615 1796 1640 1868 ΙΙ
1696 1798 1781 1859 87,
1820 1800 1847 1849 1
1880 1800 2224 1866 reductumve]

129 1872 386 1922 reductum
421 1887 545 1922 uero
602 1868 627 1942 ΙΙ
677 1873 708 1922 7
743 1874 841 1922 ista
871 1887 963 1922 om.
988 1867 1012 1941 ΙΙ
1074 1871 1137 1922 10
1179 1870 1260 1934 ac]
1297 1877 1381 1918 ant
1403 1862 1428 1936 ΙΙ
1489 1866 1552 1918 18
1587 1866 1757 1934 prout]
1794 1863 1927 1987 autA}
1985 1869 2223 1937 decessit]

127 1942 319 2061 gecid'it
371 1937 397 2010 ΙΙ
464 1942 532 1994 25
590 1942 671 1993 vel
728 1957 820 1994 om.
880 1937 906 2009 ΙΙ
964 1942 1171 2005 erigitur
1226 1937 1296 1986 M
1347 1937 1656 2003 erigiturque
1705 1938 1766 1987 ·V
1793 1932 1819 2005 ΙΙ
1855 1940 1887 1988 2
1964 1937 2157 2003 colligit
2180 1935 2208 2007 ΙΙ

162 2012 188 2060 l
242 2011 306 2059 ei
346 2011 402 2059 it.

264 2026 460 2129 Lgiber
493 2080 559 2129 V.
628 2078 739 2140 88,
784 2078 847 2128 11
888 2078 1045 2129 asidio
1173 2072 1241 2124 33
1275 2073 1348 2124 illi
1404 2070 1414 2142 Ι
1484 2072 1581 2134 89,
1612 2073 1647 2125 6
1673 2089 1767 2139 ego
1804 2089 1893 2124 om.
1957 2069 1985 2143 ΙΙ
2053 2075 2085 2124 7
2118 2090 2224 2125 om-

127 2150 312 2210 niaque
359 2163 439 2197 me
481 2163 580 2198 usu
615 2149 813 2213 cepisse
858 2163 946 2198 om.
1002 2141 1082 2262 ΙΙ),5
1115 2145 1147 2194 2
1205 2142 1363 2193 nobili
1433 2140 1444 2212 Ι
1501 2144 1569 2194 25
1614 2143 1874 2192 Diomedis
1934 2158 2028 2197 om.
2086 2138 2114 2211 ΙΙ
2171 2145 2225 2194 in

125 2211 480 2281 permutando]
520 2216 884 2267 intermutando
934 2209 959 2281 ΙΙ
1125 2212 1144 2260 i
1181 2226 1242 2261 sa
1279 2214 1546 2276 probarent
1575 2208 1601 2280 ΙΙ
1635 2211 1701 2263 38
1739 2209 1911 2276 etiam]
1955 2219 2003 2262 et
2039 2228 2155 2262 nam
2177 2208 2203 2282 ΙΙ

123 2284 223 2346 90,
266 2285 293 2335 1
333 2286 605 2336 socraticos
626 2282 650 2353 ΙΙ
674 2285 740 2337 28
774 2281 1101 2332 reuerentiam
1144 2227 1178 2348 ΙΙ
1229 2279 1299 2331 34
1334 2296 1481 2331 curae
1516 2281 1670 2331 fuerit
1705 2297 1793 2333 om.
1852 2276 1880 2349 ΙΙ
1938 2280 2006 2332 36
2029 2283 2195 2345 Atque

122 2355 215 2404 sed
269 2349 295 2422 ΙΙ
353 2352 439 2415 91,
498 2356 531 2405 5
594 2352 831 2404 tusculius
880 2346 892 2416 Ι
965 2348 1028 2398 13
1073 2350 1222 2399 tacita
1278 2343 1303 2418 ΙΙ
1355 2350 1417 2400 21
1472 2350 1733 2401 confundit
1776 2345 1801 2418 ΙΙ
1836 2351 1903 2401 25
1941 2347 2190 2419 offensor]

123 2422 192 2473 36
236 2423 325 2485 qui
372 2418 399 2491 ΙΙ
456 2421 522 2474 37
558 2423 848 2484 abrumpant
977 2417 1076 2475 92,
1122 2419 1169 2468 .5
1204 2434 1418 2482 cumque
1468 2414 1494 2487 ΙΙ
1544 2420 1846 2469 reuoluisset
1877 2414 1903 2485 ΙΙ
1937 2418 2004 2470 26
2060 2419 2199 2469 oleas

119 2492 276 2542 filias,
332 2486 358 2561 ΙΙ
423 2490 491 2542 29
526 2495 610 2542 aer
641 2504 727 2539 om.
858 2485 920 2536 31
953 2485 1036 2535 hic
1059 2481 1083 2555 ΙΙ
1106 2487 1304 2553 audias]
1338 2495 1422 2538 aut
1465 2484 1548 2555 inl
1587 2487 1671 2546 93,
1711 2487 1739 2537 1
1770 2486 1975 2537 facilius
2006 2503 2154 2550 quam

121 2558 152 2610 3
188 2561 444 2623 decoqnnt
464 2555 490 2628 ΙΙ
540 2560 572 2608 7
609 2559 778 2608 Tantis
834 2554 879 2603 is
902 2549 926 2622 ΙΙ
947 2553 981 2605 9
1015 2554 1214 2620 florida]
1248 2557 1433 2622 frigida
1456 2552 1481 2625 ΙΙ
1505 2558 1531 2606 1
1598 2557 1796 2607 deserat
1818 2551 1842 2622 ΙΙ
1876 2556 1940 2608 21
1980 2555 2158 2607 leuiter

119 2630 184 2680 25
219 2630 338 2695 ipso
373 2644 461 2679 om.
521 2622 547 2694 ΙΙ
601 2628 666 2676 27
700 2639 791 2688 pro
826 2624 974 2673 modo
1011 2623 1233 2690 longam]
1270 2625 1602 2690 prominulam
1624 2620 1649 2693 ΙΙ
1672 2625 1733 2677 31
1770 2620 2029 2693 aduersass
2074 2625 2160 2685 94,
2191 2628 2223 2676 2

118 2697 216 2748 hoc
252 2698 385 2747 latus
407 2691 432 2762 ΙΙ
465 2695 499 2746 6
527 2693 893 2758 lentaspergine
938 2696 1293 2757 suprascripta
1326 2696 1345 2743 i
1379 2698 1546 2745 littera
1576 2710 1735 2756 supra
1780 2708 1812 2742 a
1862 2688 1886 2762 ΙΙ
1936 2692 1970 2742 8
2006 2692 2072 2759 ei]
2106 2703 2155 2743 et
2188 2689 2203 2797 Ι

118 2768 181 2817 22
221 2763 416 2830 frigida
436 2758 461 2831 ΙΙ
514 2762 582 2813 26
616 2761 898 2828 prominent
919 2755 944 2829 ΙΙ
995 2760 1062 2812 35
1094 2761 1224 2811 Hinc
1253 2792 1326 2804 -·
1351 2763 1500 2814 villae
1535 2778 1625 2814 om.
1676 2759 1702 2832 ΙΙ
1758 2760 1843 2820 95,
1874 2762 1907 2812 3
1940 2763 2153 2812 triclinio
2194 2803 2199 2810 .

115 2836 148 2884 4
174 2842 236 2885 ut
272 2833 365 2883 illa
395 2832 632 2881 secretior
654 2825 679 2899 ΙΙ
737 2831 800 2882 11
835 2831 888 2879 in
924 2831 1082 2880 latera
1125 2825 1150 2900 ΙΙ
1203 2830 1269 2882 13
1298 2831 1565 2897 longeque]
1597 2831 1792 2894 lateque
1815 2826 1839 2898 ΙΙ
1886 2832 1955 2880 24
1997 2831 2154 2881 limite

114 2906 179 2956 27
217 2917 322 2964 quo
355 2899 502 2949 modo
527 2895 552 2968 ΙΙ
610 2898 676 2950 30
705 2898 939 2949 breuibus
960 2893 986 2967 ΙΙ
1038 2898 1104 2949 37
1133 2901 1363 2951 retundet
1405 2896 1430 2970 ΙΙ
1481 2915 1651 2950 cenam
1675 2895 1700 2969 ΙΙ
1738 2898 1824 2958 96,
1856 2902 1889 2950 2
1924 2901 2153 2964 partibus

112 2971 142 3022 6
171 2966 504 3035 dispicitque]
532 2983 661 3029 quae
717 2963 742 3036 ΙΙ
790 2967 855 3017 10
890 2968 1045 3017 iaceri
1063 2963 1090 3035 ΙΙ
1143 2968 1209 3019 12
1244 2969 1401 3019 sedile
1437 2983 1764 3019 marmoreum
1800 2969 1936 3030 quod
1957 2964 1984 3037 ΙΙ
2042 2969 2107 3018 14
2144 2969 2225 3017 in-

112 3040 254 3090 ducti
302 3035 512 3102 fistulis]
557 3036 729 3087 dulces
767 3032 794 3104 ΙΙ
844 3037 911 3087 20
966 3051 1077 3085 meo
1127 3033 1320 3105 amori]
1387 3039 1456 3088 22
1503 3052 1749 3087 summam
1788 3031 1799 3104 Ι
1864 3039 1933 3087 24
1985 3036 2062 3102 se]
2107 3038 2154 3086 si
2174 3033 2200 3105 ΙΙ

110 3106 174 3159 32
211 3120 464 3158 conemur
513 3100 540 3173 ΙΙ
597 3104 666 3156 34
693 3105 817 3156 illud
865 3101 891 3173 ΙΙ
939 3103 1006 3155 36
1035 3120 1154 3170 ergo
1212 3101 1237 3174 ΙΙ
1286 3107 1319 3158 3
1389 3105 1568 3173 eoque]
1597 3115 1748 3168 atque
1816 3100 1826 3174 Ι
1883 3105 1982 3166 97,
2018 3108 2050 3157 2
2088 3105 2222 3155 salu-

106 3178 291 3228 britate
323 3169 370 3243 ΙΙ
420 3174 485 3225 15
522 3171 587 3239 si]
651 3175 743 3225 sed
797 3169 822 3242 ΙΙ
868 3174 1172 3225 voluntatem
1205 3203 1278 3215 --
1307 3175 1525 3225 defuncti
1582 3191 1671 3227 om,
1732 3170 1757 3243 ΙΙ
1811 3176 1875 3225 17
1940 3175 2223 3237 antiquiore

107 3247 220 3296 inre
280 3241 308 3313 ΙΙ
370 3240 438 3294 19
493 3243 616 3294 hnic
664 3259 763 3307 qua
807 3244 1284 3308 quadringentorum
1336 3238 1361 3311 ΙΙ
1417 3242 1511 3302 98,
1571 3245 1605 3294 2
1653 3258 1753 3293 non
1816 3244 1922 3309 pati
1966 3243 2222 3309 occidere]

105 3315 329 3380 posteris
365 3312 566 3362 tradere
611 3307 638 3380 ΙΙ
686 3310 719 3362 3
755 3327 867 3362 cnm
903 3328 966 3362 ex
991 3326 1085 3361 sua
1125 3307 1158 3430 ἓ
1214 3314 1248 3363 5
1276 3312 1573 3378 dignissime
1608 3328 1637 3362 o
1658 3307 1684 3380 ΙΙ
1734 3311 1768 3364 9
1798 3328 1827 3363 o
1861 3327 1953 3363 om.
1978 3307 2006 3380 ΙΙ
2044 3312 2110 3364 10
2144 3320 2220 3363 est
2257 3367 2262 3372 ,

103 3391 148 3433 et
176 3383 327 3446 quod
374 3376 400 3450 ΙΙ
453 3381 522 3433 26
556 3383 699 3447 coepi
733 3380 801 3446 et]
839 3381 1002 3446 coepit
1030 3374 1056 3446 ΙΙ
1091 3383 1121 3431 2
1186 3380 1371 3467 habere
1416 3374 1428 3447 Ι
1479 3381 1547 3433 29
1582 3382 2022 3431 sed—communia
2054 3376 2197 3512 omn

48 3503 49 3506 ,
102 3450 436 3580 31PhumilEzlt‘a
471 3449 540 3516 et]
570 3450 782 3501 humilat
826 3445 852 3521 ΙΙ
901 3448 969 3502 35
1025 3447 1228 3514 placent
1273 3444 1299 3517 ΙΙ
1450 3448 1547 3516 Ex]
1593 3458 1642 3502 et
1675 3466 1738 3501 ex
1786 3445 1812 3517 ΙΙ
1857 3447 1941 3509 99,
1983 3448 2012 3499 1
2050 3462 2148 3510 quo

207 3540 323 3581 mm
437 3561 454 3579 .
1822 3538 1855 3587 b

672 1464 930 1524 computes
962 1452 987 1525 ΙΙ
1022 1456 1118 1519 85,
1165 1457 1198 1509 3
