2467 3850
23 683 24 690 ’
106 676 135 727 5

23 3638 26 3773 ν

740 171 1262 235 EPISTULARUM
1294 171 1426 234 1111.
1470 182 1555 235 14.
2073 173 2153 237 77

61 303 68 310 ο
151 346 342 389 curam
378 336 590 387 tantum
618 336 677 386 et
707 326 1030 405 inpendium
1059 327 1305 394 vindico.
1349 326 1592 387 Proinde
1624 327 1672 386 si
1702 328 1830 403 quis
1861 325 2033 387 fuerit
2065 345 2151 386 re·
2172 342 2236 393 12

149 422 350 493 pertus
391 413 487 489 qui
530 413 760 487 ingenio
800 428 905 470 suo
947 409 1111 486 fidat,
1152 420 1243 470 eat
1286 408 1422 470 illuc
1464 427 1531 470 ea
1573 409 1707 487 lege
1756 420 1812 470 ut
1855 410 1986 485 binc
2014 411 2151 470 nibil

151 498 305 557 aliud
337 503 559 556 certum
588 511 753 573 quam
779 494 1038 554 fiduciam
1068 512 1224 555 suam
1257 493 1420 556 ferat.
1475 493 1640 554 Vale.

691 725 745 780 c,
785 701 1035 777 sumus
1066 626 1366 777 {21ng
1403 724 1523 777 suo
1562 723 1615 779 s,

276 831 364 892 Tu
408 831 652 892 fortasse
693 831 1036 908 orationem,
1076 840 1137 891 ut
1175 830 1334 890 soles
1353 876 1373 907 ,
1415 837 1474 890 et
1517 829 1736 908 flagitas
1766 840 1825 891 et
1855 842 2148 911 expectas,
2167 850 2196 899 1

149 927 205 978 at
235 934 353 994 ego
391 916 550 994 quasi
581 934 656 974 ex
683 914 868 994 aliqua
888 917 1190 994 peregrina
1212 914 1570 993 delicataque
1593 933 1787 974 merce
1808 914 1966 976 lusus
1988 935 2148 978 meos

149 1001 254 1061 tibi
300 1000 501 1079 prodo.
567 1000 843 1098 Accipies
898 1016 1024 1057 cum
1063 998 1169 1059 hac
1209 997 1454 1078 epistula
1494 997 2008 1074 hendecasyllabos
2050 1020 2149 1061 no·
2167 1014 2199 1065 2

82 1095 329 1160 lostros,
362 1084 566 1183 quibus
592 1099 697 1142 nos
728 1084 785 1141 in
812 1081 1102 1159 vehiculo,
1129 1085 1185 1142 in
1213 1082 1460 1159 balineo,
1493 1085 1639 1142 inter
1672 1101 1866 1142 cenam
1896 1084 2151 1145 oblecta·
2242 1069 2249 1090 ⁸

148 1188 277 1229 mus
309 1171 480 1228 otium
508 1170 798 1245 temporis.
843 1164 944 1226 His
972 1169 1244 1242 iocamur,
1275 1166 1537 1244 ludimus,
1570 1184 1836 1244 amamus,
1871 1168 2148 1246 dolemus,
2170 1184 2204 1235 3

150 1255 474 1331 querimur,
504 1254 828 1327 irascimur,
862 1250 1229 1312 describimus
1259 1250 1468 1330 aliquid
1500 1251 1668 1311 modo
1696 1254 1951 1330 pressius
1982 1254 2150 1312 modo

150 1337 394 1414 elatius,
440 1345 609 1413 atque
654 1336 779 1414 ipsa
810 1336 1081 1395 varietate
1120 1344 1456 1414 temptamus
1497 1334 1732 1395 efficere
1772 1346 1832 1395 ut
1871 1335 1977 1396 alia
2003 1336 2147 1414 aliis,

151 1420 430 1500 quaedam
472 1419 716 1480 fortasse
763 1418 1018 1479 omnibus
1056 1418 1335 1499 placeant.
1395 1417 1484 1479 Ex
1514 1420 1716 1498 quibus
1746 1429 1930 1480 tamen
1961 1423 2009 1482 si
2036 1434 2198 1485 non4

81 1526 139 1578 15
152 1504 311 1564 nulla
338 1504 441 1564 tibi
467 1502 653 1582 ’paulo
693 1502 1066 1582 petulantiora
1097 1502 1468 1580 videbuntur,
1511 1506 1619 1564 erit
1662 1502 1987 1564 eruditionis
2019 1515 2151 1565 tuae>

155 1590 415 1666 cogitare
460 1604 707 1647 summos
747 1586 877 1647 illos
923 1597 981 1647 et
1023 1589 1389 1667 gravissimos
1418 1590 1574 1648 viros
1617 1588 1711 1664 qui
1743 1586 1871 1647 talia
1901 1591 2151 1668 scripse·

151 1683 283 1734 runt
326 1690 440 1732 non
479 1670 647 1730 modo
675 1670 907 1731 lascivia
933 1689 1122 1731 rerum
1149 1671 1255 1732 sed
1276 1690 1347 1731 ne
1370 1672 1562 1731 verbis
1585 1670 1809 1769 quidem
1836 1672 1998 1733 nudis
2023 1673 2151 1733 abs-

151 1759 427 1848 tinuisse,
494 1773 639 1832 quae
688 1772 794 1815 nos
845 1754 1187 1832 refugimus,
1249 1773 1362 1815 non
1417 1757 1543 1832 quia
1589 1757 1913 1816 severiores
1964 1756 2150 1835 (unde

120 1819 403 1918 enim?),
437 1839 541 1901 sed
574 1841 701 1917 quia
732 1839 1040 1900 timidiores
1072 1857 1281 1899 sumus,
1324 1837 1544 1898 Scimus
1574 1836 1781 1915 alioqui
1817 1837 1978 1899 huius
2009 1857 2147 1918 opu·
2162 1849 2193 1900 5

80 1927 303 1991 20sculi
334 1924 484 1985 illam
514 1943 648 1984 esse
676 1927 1027 1986 verissimam
1055 1922 1249 2002 legem
1281 1941 1443 2001 quam
1473 1920 1726 1984 Catullus
1757 1926 2064 2002 expressit,

458 2026 584 2068 nam
613 2018 825 2068 castum
855 2027 988 2069 esse
1016 2007 1186 2068 decet
1218 2009 1371 2086 pium
1398 2014 1628 2087 poetam

457 2095 661 2171 ipsum,
693 2091 1015 2153 versiculos
1043 2091 1178 2151 nihil
1208 2110 1455 2153 necesse
1486 2099 1597 2168 est,

461 2180 554 2254 qui
584 2187 718 2239 tunc
749 2176 993 2255 denique
1028 2176 1234 2237 habent
1264 2175 1442 2236 salem
1471 2185 1529 2236 et
1556 2175 1814 2254 leporem
1832 2223 1849 2253 ,

461 2263 509 2321 si
538 2270 667 2321 sunt
700 2260 976 2321 molliculi
1003 2271 1063 2321 et
1090 2278 1284 2340 parum
1313 2261 1523 2338 pudici.

79 2343 285 2422 25Ego
317 2346 506 2422 quanti
534 2344 734 2404 faciam
763 2344 1026 2404 iudicium
1063 2353 1220 2405 tuum
1249 2342 1346 2403 vel
1382 2364 1457 2405 ex
1495 2343 1805 2423 hocxpotes
1833 2346 2203 2421 aestimare,6

159 2428 312 2507 quod
341 2427 508 2511 malui
542 2431 722 2489 omnia
755 2448 788 2489 a
831 2439 889 2490 te
923 2432 1190 2508 pensitari
1221 2447 1386 2507 quam
1425 2428 1866 2489 electa‘laudari.
1911 2427 1983 2488 Et
2014 2447 2149 2489 sane

158 2530 303 2590 quae
339 2521 470 2572 sunt
500 2513 949 2574 commodissima
980 2512 1237 2573 desinunt
1266 2513 1475 2590 videri,
1508 2532 1632 2572 cum
1663 2516 1816 2592 paria
1849 2532 1983 2574 esse
2018 2530 2150 2572 coe-

158 2606 382 2675 perunt.
445 2596 747 2658 Praeterea
774 2599 1002 2676 sapiens
1034 2597 1374 2676 subtilisque
1405 2597 1592 2657 lector
1620 2615 1730 2657 non
1763 2597 1935 2657 debet
1965 2596 2196 2659 diver-7

159 2683 238 2741 sis
272 2680 538 2741 conferre
581 2681 809 2742 diversa
848 2681 953 2741 sed
998 2681 1219 2759 singula
1259 2680 1585 2761 expendere
1620 2700 1731 2741 nec
1760 2681 2009 2741 deterius
2040 2680 2152 2739 alio

81 2774 356 2843 aoputare
391 2763 543 2842 quod
575 2775 665 2826 est
696 2767 753 2825 in
782 2782 887 2825 suo
917 2782 1132 2844 genere
1162 2765 1498 2845 perfectum.
1559 2764 1676 2824 Sed
1711 2764 1843 2842 quid
1877 2781 1990 2840 ego
2026 2764 2199 2842 plu-8

159 2845 258 2907 ra?
308 2865 434 2907 nam
472 2847 643 2926 longa
671 2849 1020 2928 praefatione
1047 2849 1142 2909 vel
1176 2867 1454 2910 excusare
1486 2847 1581 2908 vel
1615 2848 2006 2908 commendare
2034 2850 2150 2907 ine·

158 2934 304 3011 ptias
339 2934 751 3011 ineptissimum
781 2943 889 2994 est.
946 2932 1127 2994 Unum
1160 2931 1300 2992 illud
1334 2930 1773 3011 praedicendum
1797 2931 2022 2992 videtur
2055 2950 2152 2992 co-

158 3018 339 3093 gitare
383 3034 474 3076 me
526 3016 628 3078 has
681 3035 860 3094 nugas
907 3017 1222 3083 inscribere
1272 3014 1817 3093 hendecasyllabos,
1872 3018 1966 3094 qui
2020 3017 2150 3076 titu-

159 3099 247 3161 lus
291 3099 419 3161 sola
450 3102 613 3161 metri
654 3100 787 3178 lege
833 3103 1249 3179 constringitur.
1314 3099 1555 3160 Proinde
1601 3101 1722 3158 sive
1751 3100 2198 3178 epigrammata9

82 3186 280 3246 35sive
320 3183 515 3260 idyllia
553 3187 678 3245 sive
719 3184 955 3262 eclogas
999 3187 1154 3261 sive,
1207 3193 1268 3243 ut
1301 3182 1494 3259 multi,
1537 3185 1814 3261 poematia
1853 3203 1957 3243 seu
2001 3183 2153 3262 quod

160 3268 309 3328 aliud
336 3285 549 3329 vocare
574 3267 836 3330 malueris
868 3268 1065 3329 licebit
1092 3286 1272 3328 voces
1291 3313 1309 3345 ,
1342 3285 1456 3344 ego
1485 3276 1691 3327 tantum
1721 3266 2151 3343 hendecasylla-

162 3352 266 3413 bos
307 3360 560 3432 praesto.
621 3353 675 3414 A
713 3352 1070 3431 simplicitate
1105 3361 1197 3411 tua
1242 3361 1378 3430 peto
1417 3360 1476 3410 ut
1510 3350 1661 3430 quod
1695 3350 1765 3411 de
1796 3350 1993 3410 libello
2021 3368 2151 3410 meo
2173 3360 2236 3411 10

166 3435 414 3498 dicturus
457 3455 524 3498 es
568 3435 662 3497 alii
702 3436 833 3497 mihi
877 3435 1062 3506 dicas;
1093 3455 1282 3514 neque
1323 3443 1413 3496 est
1454 3434 1685 3496 difficile
1718 3434 1869 3514 quod
1900 3432 2146 3512 postulo.
