2467 3850
318 189 443 258 270
1152 192 1216 255 C.
1259 192 1453 255 PLINI

319 365 431 427 que
468 355 615 407 tuam
659 353 891 407 statuam
920 344 975 403 in
1003 345 1288 405 vestibulo
1316 344 1468 406 Iovis
1498 346 1693 425 optimi
1722 345 1938 405 maximi
1965 360 2127 405 unam
2155 344 2290 404 alte-
2350 399 2361 404 ,

314 449 504 492 ramve
536 439 596 490 et
622 431 764 489 hanc
794 446 1015 488 aeream
1042 431 1342 488 cernimus.
1387 430 1463 489 At
1500 431 1670 509 paulo
1700 438 1826 489 ante
1866 429 2044 489 aditus
2075 446 2291 503 omnes,

318 532 512 574 omnes
554 513 759 591 gradus
801 521 1028 589 totaque
1067 531 1198 572 area
1240 513 1370 572 hinc
1409 530 1542 574 auro
1584 515 1712 573 binc
1740 521 1972 590 argento
2001 512 2293 572 relucebat

315 613 417 660 seu
448 600 635 677 potius
665 596 1052 675 polluebatur,
1099 614 1223 656 cum
1261 598 1464 657 incesti
1494 599 1763 675 principis
1795 599 1991 657 statuis
2022 597 2292 676 permixta

316 681 553 742 deorum
583 680 881 740 simulacra
910 679 1223 740 sorderent.
1258 680 1414 756 Ergo
1444 682 1584 742 istae
1612 681 1835 758 quidem
1857 699 2057 739 aereae
2077 689 2135 738 et
2158 691 2339 757 pau-5
2460 631 2463 772 l

316 784 418 825 cae
451 773 702 841 manent,
734 763 1145 841 manebuntque
1178 781 1340 841 quam
1371 764 1461 823 diu
1493 764 1761 843 templum
1790 767 2001 842 ipsum;
2037 763 2169 822 illae
2199 781 2292 822 au·

312 858 429 908 tem
456 865 690 908 aureae
718 857 777 907 et
803 846 1231 907 innumerabiles
1262 857 1451 924 strage
1482 858 1540 908 et
1567 851 1723 908 ruina
1745 847 1975 926 publico
1998 847 2206 924 gaudio
2225 846 2293 904 li·

313 940 590 992 taverunt.
645 931 871 991 Iuvabat
902 929 1137 990 inlidere
1170 931 1298 990 solo
1342 934 1777 1009 superbissimos
1819 931 2041 1008 vultus,
2083 933 2293 990 instare

315 1016 500 1091 ferr0,
532 1017 753 1075 saevire
784 1014 1111 1091 securibus,
1143 1025 1203 1074 ut
1235 1018 1282 1076 si
1311 1015 1565 1091 singulos
1590 1019 1734 1076 ictus
1760 1017 1987 1091 sanguis
2011 1014 2291 1090 dolorque

314 1107 664 1177 sequeretur.
700 1097 879 1158 Nemo
906 1107 1015 1157 tam
1038 1106 1355 1177 temperans
1378 1100 1562 1175 gaudii
1584 1116 1863 1176 seraeque
1891 1097 2132 1158 laetitiae
2159 1099 2374 1175 quinat)

311 1185 484 1243 instar
512 1182 736 1242 ultionis
758 1182 1044 1241 videretur
1072 1199 1308 1242 cernere
1350 1182 1572 1244 laceros
1609 1192 1792 1260 artuS,
1835 1191 2083 1241 truncata
2118 1198 2290 1239 mem-

312 1266 444 1344 bra,
487 1276 777 1344 postremo
821 1274 1013 1325 truces
1055 1264 1482 1344 horrendasque
1524 1269 1794 1344 imagines
1835 1266 2088 1325 obiectas
2119 1281 2290 1323 exco-

314 1360 547 1428 ctasque
577 1350 840 1426 flammis»,
882 1358 942 1408 ut
972 1368 1045 1408 ex
1073 1347 1171 1409 illo
1205 1359 1424 1410 terrore
1457 1360 1514 1410 et
1542 1353 1702 1410 minis
1731 1352 1785 1408 in
1819 1367 1979 1408 usum
2006 1345 2289 1408 hominum

313 1452 382 1494 ac
408 1433 729 1508 voluptates
760 1434 981 1509 ignibus
1023 1443 1380 1493 mutarentur.
1443 1435 1616 1494 Simili
1658 1435 2008 1510 reverentia,
2052 1430 2285 1508 Caesar,

312 1534 423 1578 non
458 1515 606 1594 apud
633 1518 856 1593 genium
890 1526 1039 1575 tuum
1067 1517 1299 1577 bonitati
1328 1527 1453 1577 tuae
1482 1519 1685 1595 gratias
1716 1519 1838 1594 agi,
1882 1516 1985 1576 sed
2014 1514 2164 1593 apud
2187 1534 2287 1574 nu·
2305 1524 2369 1577 15

314 1617 440 1658 men
469 1598 619 1658 Iovis
649 1602 840 1678 optimi
875 1602 1094 1660 maximi
1125 1603 1364 1679 pateris:
1410 1601 1490 1660 illi
1519 1602 1729 1661 debere
1759 1619 1864 1661 nos
1894 1597 2161 1679 quidquid
2186 1598 2287 1657 tibi

314 1683 617 1743 debeamus
635 1728 653 1760 ,
682 1683 831 1742 illius
862 1684 1012 1762 quod
1046 1684 1190 1743 bene
1219 1685 1393 1746 facias
1423 1687 1665 1746 muneris
1694 1703 1859 1761 esse,
1902 1686 1997 1762 qui
2025 1693 2082 1742 te
2112 1682 2283 1742 dedit.

310 1767 459 1828 Ante
491 1765 714 1846 quidem
754 1769 1014 1845 ingentes
1042 1767 1346 1828 hostiarum
1373 1788 1584 1846 greges
1612 1787 1718 1848 per
1747 1766 2117 1846 Capitolinum
2152 1767 2284 1842 iter,

309 1868 511 1930 magna
550 1853 636 1911 sui
676 1861 834 1931 parte
878 1851 1035 1911 velut
1077 1854 1413 1932 intercepti,
1455 1853 1752 1912 devertere
1791 1854 1879 1910 via
1911 1850 2280 1928 cogebantur,

312 1954 439 1997 cum
478 1937 787 1997 saevissimi
826 1935 1029 1995 domini
1076 1938 1421 1997 atrocissima
1465 1938 1686 2014 efligies
1734 1945 1884 1996 tanto
1933 1935 2370 1996 victimarum20

315 2039 515 2081 cruore
545 2020 856 2097 coleretur,
890 2030 1150 2099 quantum
1178 2023 1305 2100 ipse
1333 2020 1552 2081 humani
1585 2021 1867 2097 sanguinis
1890 2017 2281 2097 profundebat.

211 2097 290 2161 53
316 2102 542 2185 Omnia,
585 2112 774 2182 patres
824 2106 1159 2183 conscripti,
1207 2122 1352 2183 quae
1382 2104 1451 2165 de
1478 2105 1599 2166 aliis
1626 2102 1969 2183 principibus
2011 2120 2043 2161 a
2069 2119 2160 2160 me
2190 2109 2286 2160 aut

310 2188 567 2246 dicuntur
604 2197 696 2246 aut
732 2186 877 2247 dicta
911 2196 1037 2247 sunt
1065 2206 1142 2248 ‘eo
1184 2191 1464 2266 pertinent
1499 2198 1560 2248 ut
1599 2186 1884 2248 ostendam
1919 2203 2082 2264 quam
2113 2184 2285 2260 longa

314 2270 719 2331 consuetudine
763 2281 1058 2350 corruptos
1104 2271 1554 2351 depravatosque
1593 2290 1781 2331 mores
1813 2271 2156 2348 principatus
2185 2285 2284 2345 pa·
2458 2252 2464 2355 Ι

309 2372 441 2414 rens
464 2362 659 2412 noster
685 2354 953 2415 reformet
980 2364 1037 2415 et
1060 2358 1321 2433 corrigat.
1364 2356 1592 2435 Alioqui
1614 2355 1744 2414 nihil
1773 2372 1882 2414 non
1902 2370 2092 2432 parum
2119 2361 2282 2429 grate
2300 2360 2369 2412 25

310 2438 432 2497 sine
469 2438 864 2515 conparatione
895 2438 1163 2498 laudatur.
1234 2439 1532 2499 Praeterea
1569 2439 1680 2499 hoc
1707 2441 1942 2518 primum
1969 2455 2105 2514 erg-a
2135 2437 2283 2514 opti·

308 2537 453 2579 mum
482 2524 874 2599 imperatorem
902 2524 1120 2600 piorum
1149 2525 1351 2583 civium
1380 2523 1624 2584 officium
1651 2532 1770 2598 est,
1801 2523 2018 2599 insequi
2046 2519 2286 2579 dissimi-

309 2605 417 2666 les.
470 2604 671 2683 Neque
715 2606 859 2664 enim
898 2607 1031 2666 satis
1063 2608 1252 2666 amarit
1281 2607 1462 2668 bonos
1490 2609 1778 2686 principes
1815 2609 1906 2683 qui
1937 2603 2113 2664 malos
2140 2605 2284 2664 satiri

309 2709 419 2751 non
450 2689 650 2750 oderit.
713 2687 892 2749 Adice
935 2690 1085 2768 quod
1126 2693 1474 2769 imperatoris
1513 2694 1689 2750 nostri
1730 2706 1839 2749 non
1865 2687 2013 2749 aliud
2041 2686 2286 2766 amplius

309 2793 376 2834 ac
416 2774 669 2836 diffusius
708 2775 962 2832 meritum
997 2783 1086 2833 est
1123 2791 1284 2852 quam
1315 2774 1463 2852 quod
1491 2774 1753 2834 insectari
1784 2772 1960 2833 malos
1992 2773 2371 2850 principesffl)

310 2867 482 2917 tutum
526 2868 634 2920 est.
708 2855 797 2916 An
839 2838 1047 2917 excidit
1086 2856 1267 2919 dolori
1307 2866 1499 2918 nostro
1542 2857 1708 2917 modo
1747 2855 2054 2916 vindicatus
2082 2850 2282 2914 Nero?

307 2939 693 3018 Permitteret,
740 2940 947 3018 credo,
988 2940 1184 3002 famam
1222 2943 1504 3020 vitamque
1549 2943 1670 3002 eius
1711 2940 1866 3018 carpi
1907 2941 2002 3019 qui
2041 2947 2287 2998 mortem

308 3023 721 3101 ulciscebatur,
753 3044 865 3085 nec
894 3035 955 3084 ut
985 3027 1039 3085 in
1070 3044 1135 3086 se
1166 3020 1311 3085 dicta
1338 3028 1799 3102 interpretaretur
1832 3042 1975 3102 quae
2008 3021 2078 3082 de
2107 3020 2284 3083 simil-

308 3104 442 3164 limo
465 3107 803 3167 dicerentur.
845 3107 1032 3181 Quare
1055 3126 1165 3186 ego
1193 3110 1297 3187 [te]
1314 3107 1594 3186 ,Caesam
1625 3110 1945 3169 muneribus
1968 3107 2081 3168 tuis
2095 3106 2287 3166 *omni-

310 3189 417 3248 bus
452 3206 728 3267 conparo,
760 3191 947 3253 multis
970 3202 1286 3271 antepono,
1319 3193 1468 3270 quod
1495 3192 1633 3253 licet
1652 3193 1816 3253 nobis
1846 3202 1903 3252 et
1927 3193 1981 3252 in
2008 3190 2373 3270 praeteri-35

310 3282 427 3330 tum
455 3268 523 3328 de
551 3271 709 3329 malis
738 3274 1162 3352 imperatoribus
1193 3277 1399 3337 cotidie
1427 3274 1693 3336 vindicari
1721 3286 1779 3336 et
1809 3276 2027 3336 futuros
2049 3274 2153 3335 sub
2179 3291 2288 3335 ex·

314 3351 498 3430 emplo
528 3369 892 3430 praemonere
921 3358 1129 3417 nullum
1155 3358 1371 3437 locum,
1405 3360 1615 3420 nullum
1645 3378 1775 3421 esse
1805 3368 2028 3437 tempus
2053 3375 2164 3436 quo
2196 3356 2288 3415 fu-

314 3443 599 3495 nestorum
640 3437 950 3517 principum
988 3459 1177 3505 manes
1206 3462 1239 3503 a
1266 3453 1622 3524 posterorum
1660 3435 2109 3506 execrationillus
2146 3457 2286 3501 con-
