<?xml version="1.0" encoding="UTF-8"?>
<!DOCTYPE html PUBLIC "-//W3C//DTD XHTML 1.0 Transitional//EN"
    "http://www.w3.org/TR/xhtml1/DTD/xhtml1-transitional.dtd">
<html xmlns="http://www.w3.org/1999/xhtml" xml:lang="en" lang="en">
 <head>
  <title>
</title>
<meta http-equiv="Content-Type" content="text/html;charset=utf-8" />
  <meta name='ocr-system' content='tesseract 3.04.00' />
  <meta name='ocr-capabilities' content='ocr_page ocr_carea ocr_par ocr_line ocrx_word'/>
</head>
<body>
  <div class='ocr_page' id='page_1' title='image "./cplinicaecilise00unkngoog_0099.png"; bbox 0 0 2467 3850; ppageno 0'>
   <div class='ocr_carea' id='block_1_1' title="bbox 703 190 2129 259">
    <p class='ocr_par' dir='ltr' id='par_1_1' title="bbox 703 190 2129 259">
     <span class='ocr_line' id='line_1_1' title="bbox 703 190 2129 259; baseline 0.004 -6"><span class='ocrx_word' id='word_1_1' title='bbox 703 190 1226 253; x_wconf 84' lang='lat' dir='ltr'><strong>EPISTULARUM</strong></span> <span class='ocrx_word' id='word_1_2' title='bbox 1268 192 1396 253; x_wconf 93' lang='lat'>1111.</span> <span class='ocrx_word' id='word_1_3' title='bbox 1437 203 1490 256; x_wconf 91' lang='grc'><strong>8.</strong></span> <span class='ocrx_word' id='word_1_4' title='bbox 1517 202 1572 258; x_wconf 86' lang='grc'><strong>9.</strong></span> <span class='ocrx_word' id='word_1_5' title='bbox 2051 193 2129 259; x_wconf 86' lang='grc'><strong>71</strong></span> 
     </span>
    </p>
   </div>
   <div class='ocr_carea' id='block_1_2' title="bbox 66 344 2247 3532">
    <p class='ocr_par' dir='ltr' id='par_1_2' title="bbox 66 344 2247 3532">
     <span class='ocr_line' id='line_1_2' title="bbox 134 344 2177 428; baseline -0.002 -18"><span class='ocrx_word' id='word_1_6' title='bbox 134 348 278 428; x_wconf 87' lang='lat' dir='ltr'><strong>ipsis</strong></span> <span class='ocrx_word' id='word_1_7' title='bbox 307 363 510 423; x_wconf 85' lang='lat' dir='ltr'><strong>magna</strong></span> <span class='ocrx_word' id='word_1_8' title='bbox 538 354 719 421; x_wconf 88' lang='lat' dir='ltr'><strong>erant,</strong></span> <span class='ocrx_word' id='word_1_9' title='bbox 756 345 1004 405; x_wconf 82' lang='lat' dir='ltr'>dicerem</span> <span class='ocrx_word' id='word_1_10' title='bbox 1032 344 1103 405; x_wconf 88' lang='lat' dir='ltr'><strong>de</strong></span> <span class='ocrx_word' id='word_1_11' title='bbox 1136 346 1552 423; x_wconf 79' lang='lat' dir='ltr'><strong>conspiratione</strong></span> <span class='ocrx_word' id='word_1_12' title='bbox 1583 345 1924 423; x_wconf 89' lang='lat' dir='ltr'><strong>delatorum,</strong></span> <span class='ocrx_word' id='word_1_13' title='bbox 1963 363 2127 423; x_wconf 87' lang='lat' dir='ltr'><strong>quam</strong></span> <span class='ocrx_word' id='word_1_14' title='bbox 2145 362 2177 414; x_wconf 85' lang='lat'>5</span> 
     </span>
     <span class='ocr_line' id='line_1_3' title="bbox 136 428 2129 510; baseline -0.002 -17"><span class='ocrx_word' id='word_1_15' title='bbox 136 436 192 493; x_wconf 90' lang='lat' dir='ltr'><strong>in</strong></span> <span class='ocrx_word' id='word_1_16' title='bbox 227 440 473 510; x_wconf 89' lang='lat' dir='ltr'><strong>quaestu</strong></span> <span class='ocrx_word' id='word_1_17' title='bbox 514 428 828 504; x_wconf 87' lang='lat' dir='ltr'><strong>habebant,</strong></span> <span class='ocrx_word' id='word_1_18' title='bbox 880 429 1134 488; x_wconf 82' lang='lat' dir='ltr'>dicerem</span> <span class='ocrx_word' id='word_1_19' title='bbox 1181 447 1382 490; x_wconf 80' lang='lat' dir='ltr'>causas</span> <span class='ocrx_word' id='word_1_20' title='bbox 1423 430 1630 507; x_wconf 89' lang='lat' dir='ltr'><strong>quibus</strong></span> <span class='ocrx_word' id='word_1_21' title='bbox 1670 430 2129 490; x_wconf 80' lang='lat' dir='ltr'><strong>factiosissimum</strong></span> 
     </span>
     <span class='ocr_line' id='line_1_4' title="bbox 138 512 2136 595; baseline 0.001 -21"><span class='ocrx_word' id='word_1_22' title='bbox 138 533 460 595; x_wconf 79' lang='lat' dir='ltr'>quemque,</span> <span class='ocrx_word' id='word_1_23' title='bbox 503 522 563 573; x_wconf 89' lang='lat' dir='ltr'><strong>ut</strong></span> <span class='ocrx_word' id='word_1_24' title='bbox 595 512 751 572; x_wconf 91' lang='lat' dir='ltr'><strong>illum</strong></span> <span class='ocrx_word' id='word_1_25' title='bbox 792 516 978 591; x_wconf 87' lang='lat' dir='ltr'><strong>ipsum</strong></span> <span class='ocrx_word' id='word_1_26' title='bbox 1006 512 1423 593; x_wconf 81' lang='lat' dir='ltr'>Theophanen,</span> <span class='ocrx_word' id='word_1_27' title='bbox 1467 513 1818 574; x_wconf 83' lang='lat' dir='ltr'><strong>offendisset.</strong></span> <span class='ocrx_word' id='word_1_28' title='bbox 1880 512 2136 575; x_wconf 87' lang='lat' dir='ltr'><strong>Eundem</strong></span> 
     </span>
     <span class='ocr_line' id='line_1_5' title="bbox 137 597 2136 676; baseline -0.001 -16"><span class='ocrx_word' id='word_1_29' title='bbox 137 618 227 660; x_wconf 89' lang='lat' dir='ltr'><strong>me</strong></span> <span class='ocrx_word' id='word_1_30' title='bbox 271 597 533 658; x_wconf 84' lang='lat' dir='ltr'><strong>voluerat</strong></span> <span class='ocrx_word' id='word_1_31' title='bbox 575 614 885 657; x_wconf 90' lang='lat' dir='ltr'><strong>occurrere</strong></span> <span class='ocrx_word' id='word_1_32' title='bbox 929 599 1141 656; x_wconf 85' lang='lat' dir='ltr'><strong>crimini</strong></span> <span class='ocrx_word' id='word_1_33' title='bbox 1184 614 1298 675; x_wconf 91' lang='lat' dir='ltr'><strong>quo</strong></span> <span class='ocrx_word' id='word_1_34' title='bbox 1354 598 1591 658; x_wconf 79' lang='lat' dir='ltr'><strong>maxime</strong></span> <span class='ocrx_word' id='word_1_35' title='bbox 1641 597 2020 676; x_wconf 82' lang='lat' dir='ltr'>premebatur.</span> <span class='ocrx_word' id='word_1_36' title='bbox 2070 597 2136 659; x_wconf 86' lang='lat' dir='ltr'><strong>In</strong></span> 
     </span>
     <span class='ocr_line' id='line_1_6' title="bbox 99 681 2135 759; baseline -0.003 -10"><span class='ocrx_word' id='word_1_37' title='bbox 99 683 268 749; x_wconf 88' lang='lat' dir='ltr'><strong>5aliis</strong></span> <span class='ocrx_word' id='word_1_38' title='bbox 308 684 461 742; x_wconf 89' lang='lat' dir='ltr'><strong>enim</strong></span> <span class='ocrx_word' id='word_1_39' title='bbox 490 683 740 759; x_wconf 84' lang='lat' dir='ltr'><strong>quamvis</strong></span> <span class='ocrx_word' id='word_1_40' title='bbox 772 681 960 741; x_wconf 87' lang='lat' dir='ltr'><strong>auditu</strong></span> <span class='ocrx_word' id='word_1_41' title='bbox 990 682 1343 759; x_wconf 88' lang='lat' dir='ltr'><strong>gravioribus</strong></span> <span class='ocrx_word' id='word_1_42' title='bbox 1384 698 1495 740; x_wconf 91' lang='lat' dir='ltr'><strong>non</strong></span> <span class='ocrx_word' id='word_1_43' title='bbox 1521 681 1938 742; x_wconf 88' lang='lat' dir='ltr'><strong>absolutionem</strong></span> <span class='ocrx_word' id='word_1_44' title='bbox 1965 681 2135 742; x_wconf 88' lang='lat' dir='ltr'><strong>modo</strong></span> 
     </span>
     <span class='ocr_line' id='line_1_7' title="bbox 142 763 2180 843; baseline -0.001 -15"><span class='ocrx_word' id='word_1_45' title='bbox 142 784 344 828; x_wconf 86' lang='lat' dir='ltr'><strong>verum</strong></span> <span class='ocrx_word' id='word_1_46' title='bbox 375 767 540 825; x_wconf 85' lang='lat' dir='ltr'><strong>etiam</strong></span> <span class='ocrx_word' id='word_1_47' title='bbox 566 764 787 825; x_wconf 90' lang='lat' dir='ltr'><strong>laudem</strong></span> <span class='ocrx_word' id='word_1_48' title='bbox 815 765 1168 843; x_wconf 88' lang='lat' dir='ltr'><strong>merebatur,</strong></span> <span class='ocrx_word' id='word_1_49' title='bbox 1213 765 1324 834; x_wconf 78' lang='lat' dir='ltr'><strong>hoc</strong></span> <span class='ocrx_word' id='word_1_50' title='bbox 1358 763 1514 825; x_wconf 92' lang='lat' dir='ltr'><strong>illum</strong></span> <span class='ocrx_word' id='word_1_51' title='bbox 1545 766 1814 826; x_wconf 88' lang='lat' dir='ltr'><strong>onerabat</strong></span> <span class='ocrx_word' id='word_1_52' title='bbox 1845 766 2000 842; x_wconf 86' lang='lat' dir='ltr'><strong>quod</strong></span> <span class='ocrx_word' id='word_1_53' title='bbox 2028 767 2180 831; x_wconf 88' lang='lat' dir='ltr'><strong>ho-6</strong></span> 
     </span>
     <span class='ocr_line' id='line_1_8' title="bbox 139 849 2131 933; baseline 0 -22"><span class='ocrx_word' id='word_1_54' title='bbox 139 870 232 912; x_wconf 92' lang='lat' dir='ltr'><strong>mo</strong></span> <span class='ocrx_word' id='word_1_55' title='bbox 269 849 514 929; x_wconf 87' lang='lat' dir='ltr'><strong>simplex</strong></span> <span class='ocrx_word' id='word_1_56' title='bbox 552 858 611 909; x_wconf 89' lang='lat' dir='ltr'><strong>et</strong></span> <span class='ocrx_word' id='word_1_57' title='bbox 657 851 915 910; x_wconf 90' lang='lat' dir='ltr'><strong>incautus</strong></span> <span class='ocrx_word' id='word_1_58' title='bbox 949 849 1221 926; x_wconf 80' lang='lat' dir='ltr'><strong>quaedam</strong></span> <span class='ocrx_word' id='word_1_59' title='bbox 1261 868 1294 909; x_wconf 93' lang='lat' dir='ltr'><strong>a</strong></span> <span class='ocrx_word' id='word_1_60' title='bbox 1334 849 1777 928; x_wconf 84' lang='lat' dir='ltr'><strong>provincialibus</strong></span> <span class='ocrx_word' id='word_1_61' title='bbox 1816 859 1877 909; x_wconf 90' lang='lat' dir='ltr'><strong>ut</strong></span> <span class='ocrx_word' id='word_1_62' title='bbox 1918 851 2131 933; x_wconf 71' lang='lat' dir='ltr'><strong>amicus</strong></span> 
     </span>
     <span class='ocr_line' id='line_1_9' title="bbox 139 931 2135 1014; baseline -0.002 -17"><span class='ocrx_word' id='word_1_63' title='bbox 139 943 467 1014; x_wconf 87' lang='lat' dir='ltr'><strong>acceperat.</strong></span> <span class='ocrx_word' id='word_1_64' title='bbox 510 932 652 996; x_wconf 85' lang='lat' dir='ltr'><strong>Nam</strong></span> <span class='ocrx_word' id='word_1_65' title='bbox 677 933 860 993; x_wconf 88' lang='lat' dir='ltr'><strong>fuerat</strong></span> <span class='ocrx_word' id='word_1_66' title='bbox 888 935 947 993; x_wconf 89' lang='lat' dir='ltr'><strong>in</strong></span> <span class='ocrx_word' id='word_1_67' title='bbox 971 933 1168 993; x_wconf 89' lang='lat' dir='ltr'><strong>eadem</strong></span> <span class='ocrx_word' id='word_1_68' title='bbox 1202 934 1494 1012; x_wconf 84' lang='lat' dir='ltr'><strong>provincia</strong></span> <span class='ocrx_word' id='word_1_69' title='bbox 1523 943 1812 1011; x_wconf 81' lang='lat' dir='ltr'><strong>quaestor.</strong></span> <span class='ocrx_word' id='word_1_70' title='bbox 1857 931 2013 993; x_wconf 91' lang='lat' dir='ltr'><strong>Haec</strong></span> <span class='ocrx_word' id='word_1_71' title='bbox 2042 952 2135 994; x_wconf 89' lang='lat' dir='ltr'><strong>ac·</strong></span> 
     </span>
     <span class='ocr_line' id='line_1_10' title="bbox 143 1016 2139 1094; baseline -0.003 -14"><span class='ocrx_word' id='word_1_72' title='bbox 143 1028 442 1080; x_wconf 90' lang='lat' dir='ltr'><strong>cusatores</strong></span> <span class='ocrx_word' id='word_1_73' title='bbox 478 1017 625 1076; x_wconf 83' lang='lat' dir='ltr'><strong>furta</strong></span> <span class='ocrx_word' id='word_1_74' title='bbox 668 1026 727 1077; x_wconf 93' lang='lat' dir='ltr'><strong>et</strong></span> <span class='ocrx_word' id='word_1_75' title='bbox 755 1018 1001 1094; x_wconf 90' lang='lat' dir='ltr'><strong>rapinas,</strong></span> <span class='ocrx_word' id='word_1_76' title='bbox 1034 1018 1160 1094; x_wconf 89' lang='lat' dir='ltr'><strong>ipse</strong></span> <span class='ocrx_word' id='word_1_77' title='bbox 1189 1034 1418 1076; x_wconf 84' lang='lat' dir='ltr'><strong>munera</strong></span> <span class='ocrx_word' id='word_1_78' title='bbox 1446 1018 1716 1077; x_wconf 85' lang='lat' dir='ltr'><strong>vocabat:</strong></span> <span class='ocrx_word' id='word_1_79' title='bbox 1765 1016 1870 1077; x_wconf 89' lang='lat' dir='ltr'><strong>sed</strong></span> <span class='ocrx_word' id='word_1_80' title='bbox 1899 1017 1996 1077; x_wconf 87' lang='lat' dir='ltr'><strong>lex</strong></span> <span class='ocrx_word' id='word_1_81' title='bbox 2018 1035 2139 1076; x_wconf 91' lang='lat' dir='ltr'><strong>mu·</strong></span> 
     </span>
     <span class='ocr_line' id='line_1_11' title="bbox 73 1100 2188 1180; baseline 0 -16"><span class='ocrx_word' id='word_1_82' title='bbox 73 1121 129 1172; x_wconf 84' lang='lat'><strong>10</strong></span> <span class='ocrx_word' id='word_1_83' title='bbox 143 1121 283 1164; x_wconf 88' lang='lat' dir='ltr'><strong>nera</strong></span> <span class='ocrx_word' id='word_1_84' title='bbox 306 1118 535 1180; x_wconf 90' lang='lat' dir='ltr'><strong>quoque</strong></span> <span class='ocrx_word' id='word_1_85' title='bbox 566 1102 751 1180; x_wconf 87' lang='lat' dir='ltr'><strong>accipi</strong></span> <span class='ocrx_word' id='word_1_86' title='bbox 781 1109 954 1160; x_wconf 84' lang='lat' dir='ltr'><strong>vetat.</strong></span> <span class='ocrx_word' id='word_1_87' title='bbox 996 1100 1100 1160; x_wconf 91' lang='lat' dir='ltr'><strong>Hic</strong></span> <span class='ocrx_word' id='word_1_88' title='bbox 1131 1119 1244 1179; x_wconf 89' lang='lat' dir='ltr'><strong>ego</strong></span> <span class='ocrx_word' id='word_1_89' title='bbox 1276 1100 1411 1178; x_wconf 91' lang='lat' dir='ltr'><strong>quid</strong></span> <span class='ocrx_word' id='word_1_90' title='bbox 1443 1119 1692 1179; x_wconf 79' lang='lat' dir='ltr'><strong>agerem,</strong></span> <span class='ocrx_word' id='word_1_91' title='bbox 1724 1100 1875 1179; x_wconf 87' lang='lat' dir='ltr'><strong>quod</strong></span> <span class='ocrx_word' id='word_1_92' title='bbox 1903 1103 2014 1161; x_wconf 85' lang='lat' dir='ltr'><strong>iter</strong></span> <span class='ocrx_word' id='word_1_93' title='bbox 2040 1101 2136 1162; x_wconf 90' lang='lat' dir='ltr'><strong>de·</strong></span> <span class='ocrx_word' id='word_1_94' title='bbox 2155 1109 2188 1165; x_wconf 83' lang='lat'>⁷</span> 
     </span>
     <span class='ocr_line' id='line_1_12' title="bbox 145 1180 2138 1263; baseline -0.002 -15"><span class='ocrx_word' id='word_1_95' title='bbox 145 1187 425 1248; x_wconf 81' lang='lat' dir='ltr'><strong>fensionis</strong></span> <span class='ocrx_word' id='word_1_96' title='bbox 452 1180 823 1262; x_wconf 70' lang='lat' dir='ltr'><strong>ingrederer?</strong></span> <span class='ocrx_word' id='word_1_97' title='bbox 850 1182 1175 1261; x_wconf 73' lang='lat' dir='ltr'><strong>Negarem?</strong></span> <span class='ocrx_word' id='word_1_98' title='bbox 1203 1186 1444 1245; x_wconf 82' lang='lat' dir='ltr'><strong>verebar</strong></span> <span class='ocrx_word' id='word_1_99' title='bbox 1472 1204 1543 1244; x_wconf 92' lang='lat' dir='ltr'><strong>ne</strong></span> <span class='ocrx_word' id='word_1_100' title='bbox 1565 1185 1732 1263; x_wconf 89' lang='lat' dir='ltr'><strong>plane</strong></span> <span class='ocrx_word' id='word_1_101' title='bbox 1755 1185 1959 1244; x_wconf 87' lang='lat' dir='ltr'><strong>furtum</strong></span> <span class='ocrx_word' id='word_1_102' title='bbox 1980 1185 2138 1245; x_wconf 84' lang='lat' dir='ltr'><strong>vide·</strong></span> 
     </span>
     <span class='ocr_line' id='line_1_13' title="bbox 141 1268 2137 1347; baseline -0.002 -16"><span class='ocrx_word' id='word_1_103' title='bbox 141 1280 303 1332; x_wconf 85' lang='lat' dir='ltr'><strong>retur</strong></span> <span class='ocrx_word' id='word_1_104' title='bbox 346 1269 498 1347; x_wconf 88' lang='lat' dir='ltr'><strong>quod</strong></span> <span class='ocrx_word' id='word_1_105' title='bbox 541 1269 796 1329; x_wconf 87' lang='lat' dir='ltr'><strong>confiteri</strong></span> <span class='ocrx_word' id='word_1_106' title='bbox 833 1268 1107 1329; x_wconf 85' lang='lat' dir='ltr'><strong>timerem.</strong></span> <span class='ocrx_word' id='word_1_107' title='bbox 1163 1268 1466 1328; x_wconf 88' lang='lat' dir='ltr'><strong>Praeterea</strong></span> <span class='ocrx_word' id='word_1_108' title='bbox 1493 1287 1613 1328; x_wconf 91' lang='lat' dir='ltr'><strong>rem</strong></span> <span class='ocrx_word' id='word_1_109' title='bbox 1640 1269 1989 1329; x_wconf 77' lang='lat' dir='ltr'><strong>manifestam</strong></span> <span class='ocrx_word' id='word_1_110' title='bbox 2018 1269 2137 1328; x_wconf 88' lang='lat' dir='ltr'><strong>infi-</strong></span> 
     </span>
     <span class='ocr_line' id='line_1_14' title="bbox 146 1351 2138 1431; baseline -0.001 -16"><span class='ocrx_word' id='word_1_111' title='bbox 146 1356 271 1415; x_wconf 84' lang='lat' dir='ltr'><strong>tiari</strong></span> <span class='ocrx_word' id='word_1_112' title='bbox 301 1354 562 1431; x_wconf 82' lang='lat' dir='ltr'><strong>augentis</strong></span> <span class='ocrx_word' id='word_1_113' title='bbox 590 1362 711 1413; x_wconf 87' lang='lat' dir='ltr'><strong>erat</strong></span> <span class='ocrx_word' id='word_1_114' title='bbox 741 1355 974 1429; x_wconf 79' lang='lat' dir='ltr'><strong>crimen,</strong></span> <span class='ocrx_word' id='word_1_115' title='bbox 1006 1370 1118 1413; x_wconf 88' lang='lat' dir='ltr'><strong>non</strong></span> <span class='ocrx_word' id='word_1_116' title='bbox 1154 1351 1441 1429; x_wconf 83' lang='lat' dir='ltr'><strong>diluentis,</strong></span> <span class='ocrx_word' id='word_1_117' title='bbox 1476 1355 1814 1431; x_wconf 89' lang='lat' dir='ltr'><strong>praesertim</strong></span> <span class='ocrx_word' id='word_1_118' title='bbox 1849 1370 1973 1411; x_wconf 85' lang='lat' dir='ltr'><strong>cum</strong></span> <span class='ocrx_word' id='word_1_119' title='bbox 2003 1370 2138 1414; x_wconf 90' lang='lat' dir='ltr'><strong>reus</strong></span> 
     </span>
     <span class='ocr_line' id='line_1_15' title="bbox 147 1435 2138 1518; baseline -0.002 -19"><span class='ocrx_word' id='word_1_120' title='bbox 147 1440 278 1518; x_wconf 88' lang='lat' dir='ltr'><strong>ipse</strong></span> <span class='ocrx_word' id='word_1_121' title='bbox 307 1436 445 1497; x_wconf 87' lang='lat' dir='ltr'><strong>nihil</strong></span> <span class='ocrx_word' id='word_1_122' title='bbox 486 1438 769 1514; x_wconf 88' lang='lat' dir='ltr'><strong>integrum</strong></span> <span class='ocrx_word' id='word_1_123' title='bbox 808 1436 1096 1497; x_wconf 85' lang='lat' dir='ltr'><strong>advocatis</strong></span> <span class='ocrx_word' id='word_1_124' title='bbox 1129 1435 1478 1514; x_wconf 88' lang='lat' dir='ltr'><strong>reliquisset.</strong></span> <span class='ocrx_word' id='word_1_125' title='bbox 1545 1435 1737 1497; x_wconf 90' lang='lat' dir='ltr'><strong>Multis</strong></span> <span class='ocrx_word' id='word_1_126' title='bbox 1783 1438 1928 1496; x_wconf 89' lang='lat' dir='ltr'><strong>enim</strong></span> <span class='ocrx_word' id='word_1_127' title='bbox 1967 1447 2138 1515; x_wconf 88' lang='lat' dir='ltr'><strong>atque</strong></span> 
     </span>
     <span class='ocr_line' id='line_1_16' title="bbox 72 1519 2136 1601; baseline -0.004 -13"><span class='ocrx_word' id='word_1_128' title='bbox 72 1536 132 1588; x_wconf 83' lang='lat'><strong>15</strong></span> <span class='ocrx_word' id='word_1_129' title='bbox 150 1524 319 1583; x_wconf 89' lang='lat' dir='ltr'><strong>etiam</strong></span> <span class='ocrx_word' id='word_1_130' title='bbox 364 1522 608 1601; x_wconf 88' lang='lat' dir='ltr'><strong>principi</strong></span> <span class='ocrx_word' id='word_1_131' title='bbox 649 1520 864 1582; x_wconf 84' lang='lat' dir='ltr'><strong>dixerat</strong></span> <span class='ocrx_word' id='word_1_132' title='bbox 902 1520 1027 1581; x_wconf 90' lang='lat' dir='ltr'><strong>sola</strong></span> <span class='ocrx_word' id='word_1_133' title='bbox 1064 1539 1130 1581; x_wconf 88' lang='lat' dir='ltr'><strong>se</strong></span> <span class='ocrx_word' id='word_1_134' title='bbox 1170 1519 1500 1581; x_wconf 90' lang='lat' dir='ltr'><strong>munuscula</strong></span> <span class='ocrx_word' id='word_1_135' title='bbox 1530 1520 1807 1581; x_wconf 84' lang='lat' dir='ltr'><strong>dumtaxat</strong></span> <span class='ocrx_word' id='word_1_136' title='bbox 1835 1521 2001 1580; x_wconf 89' lang='lat' dir='ltr'><strong>natali</strong></span> <span class='ocrx_word' id='word_1_137' title='bbox 2032 1538 2136 1580; x_wconf 90' lang='lat' dir='ltr'><strong>suo</strong></span> 
     </span>
     <span class='ocr_line' id='line_1_17' title="bbox 148 1603 2183 1684; baseline -0 -17"><span class='ocrx_word' id='word_1_138' title='bbox 148 1616 241 1667; x_wconf 92' lang='lat' dir='ltr'><strong>aut</strong></span> <span class='ocrx_word' id='word_1_139' title='bbox 272 1604 656 1666; x_wconf 87' lang='lat' dir='ltr'><strong>Saturnalibus</strong></span> <span class='ocrx_word' id='word_1_140' title='bbox 685 1606 989 1684; x_wconf 90' lang='lat' dir='ltr'><strong>accepisse</strong></span> <span class='ocrx_word' id='word_1_141' title='bbox 1022 1614 1081 1665; x_wconf 88' lang='lat' dir='ltr'><strong>et</strong></span> <span class='ocrx_word' id='word_1_142' title='bbox 1115 1603 1406 1683; x_wconf 89' lang='lat' dir='ltr'><strong>plerisque</strong></span> <span class='ocrx_word' id='word_1_143' title='bbox 1437 1605 1686 1665; x_wconf 87' lang='lat' dir='ltr'><strong>misisse.</strong></span> <span class='ocrx_word' id='word_1_144' title='bbox 1728 1604 1961 1664; x_wconf 89' lang='lat' dir='ltr'><strong>Veniam</strong></span> <span class='ocrx_word' id='word_1_145' title='bbox 1991 1613 2183 1681; x_wconf 85' lang='lat' dir='ltr'><strong>erg08</strong></span> 
     </span>
     <span class='ocr_line' id='line_1_18' title="bbox 147 1686 2139 1770; baseline -0.003 -19"><span class='ocrx_word' id='word_1_146' title='bbox 147 1686 451 1770; x_wconf 77' lang='lat' dir='ltr'><strong>peterem?</strong></span> <span class='ocrx_word' id='word_1_147' title='bbox 491 1688 838 1766; x_wconf 87' lang='lat' dir='ltr'><strong>iugulassem</strong></span> <span class='ocrx_word' id='word_1_148' title='bbox 875 1705 1067 1766; x_wconf 90' lang='lat' dir='ltr'><strong>reum,</strong></span> <span class='ocrx_word' id='word_1_149' title='bbox 1111 1706 1279 1767; x_wconf 91' lang='lat' dir='ltr'><strong>quem</strong></span> <span class='ocrx_word' id='word_1_150' title='bbox 1311 1692 1386 1747; x_wconf 89' lang='lat' dir='ltr'><strong>ita</strong></span> <span class='ocrx_word' id='word_1_151' title='bbox 1417 1687 1728 1767; x_wconf 89' lang='lat' dir='ltr'><strong>deliquisse</strong></span> <span class='ocrx_word' id='word_1_152' title='bbox 1762 1688 2139 1747; x_wconf 89' lang='lat' dir='ltr'><strong>concederem</strong></span> 
     </span>
     <span class='ocr_line' id='line_1_19' title="bbox 149 1770 2247 1858; baseline -0.002 -25"><span class='ocrx_word' id='word_1_153' title='bbox 149 1785 209 1836; x_wconf 91' lang='lat' dir='ltr'><strong>ut</strong></span> <span class='ocrx_word' id='word_1_154' title='bbox 245 1773 461 1836; x_wconf 84' lang='lat' dir='ltr'><strong>servari</strong></span> <span class='ocrx_word' id='word_1_155' title='bbox 491 1774 597 1833; x_wconf 88' lang='lat' dir='ltr'><strong>nisi</strong></span> <span class='ocrx_word' id='word_1_156' title='bbox 626 1774 789 1858; x_wconf 72' lang='lat' dir='ltr'><strong>venia</strong></span> <span class='ocrx_word' id='word_1_157' title='bbox 821 1790 934 1833; x_wconf 92' lang='lat' dir='ltr'><strong>non</strong></span> <span class='ocrx_word' id='word_1_158' title='bbox 962 1781 1181 1851; x_wconf 91' lang='lat' dir='ltr'><strong>posset.</strong></span> <span class='ocrx_word' id='word_1_159' title='bbox 1247 1770 1547 1849; x_wconf 87' lang='lat' dir='ltr'><strong>Tamquam</strong></span> <span class='ocrx_word' id='word_1_160' title='bbox 1577 1781 1739 1831; x_wconf 90' lang='lat' dir='ltr'><strong>recte</strong></span> <span class='ocrx_word' id='word_1_161' title='bbox 1767 1772 1976 1831; x_wconf 79' lang='lat' dir='ltr'><strong>factum</strong></span> <span class='ocrx_word' id='word_1_162' title='bbox 2014 1780 2136 1830; x_wconf 91' lang='lat' dir='ltr'><strong>tue·</strong></span> <span class='ocrx_word' id='word_1_163' title='bbox 2238 1807 2247 1816; x_wconf 30' lang='grc' dir='ltr'><strong>ε</strong></span> 
     </span>
     <span class='ocr_line' id='line_1_20' title="bbox 148 1853 2188 1935; baseline -0.003 -17"><span class='ocrx_word' id='word_1_164' title='bbox 148 1854 284 1918; x_wconf 78' lang='lat' dir='ltr'><strong>rer?</strong></span> <span class='ocrx_word' id='word_1_165' title='bbox 311 1874 424 1918; x_wconf 92' lang='lat' dir='ltr'><strong>non</strong></span> <span class='ocrx_word' id='word_1_166' title='bbox 455 1856 537 1916; x_wconf 92' lang='lat' dir='ltr'><strong>illi</strong></span> <span class='ocrx_word' id='word_1_167' title='bbox 569 1856 936 1935; x_wconf 81' lang='lat' dir='ltr'><strong>profuissem,</strong></span> <span class='ocrx_word' id='word_1_168' title='bbox 968 1855 1074 1918; x_wconf 90' lang='lat' dir='ltr'><strong>sed</strong></span> <span class='ocrx_word' id='word_1_169' title='bbox 1100 1856 1226 1934; x_wconf 87' lang='lat' dir='ltr'><strong>ipse</strong></span> <span class='ocrx_word' id='word_1_170' title='bbox 1259 1854 1536 1934; x_wconf 88' lang='lat' dir='ltr'><strong>inpudens</strong></span> <span class='ocrx_word' id='word_1_171' title='bbox 1561 1857 1893 1915; x_wconf 89' lang='lat' dir='ltr'><strong>extitissem.</strong></span> <span class='ocrx_word' id='word_1_172' title='bbox 1941 1853 2005 1913; x_wconf 89' lang='lat' dir='ltr'><strong>In</strong></span> <span class='ocrx_word' id='word_1_173' title='bbox 2031 1853 2188 1920; x_wconf 61' lang='lat' dir='ltr'><strong>haesi</strong></span> 
     </span>
     <span class='ocr_line' id='line_1_21' title="bbox 73 1939 2137 2021; baseline -0.003 -18"><span class='ocrx_word' id='word_1_174' title='bbox 73 1941 480 2004; x_wconf 67' lang='lat' dir='ltr'><strong>mdifficultate</strong></span> <span class='ocrx_word' id='word_1_175' title='bbox 522 1941 734 2021; x_wconf 89' lang='lat' dir='ltr'><strong>placuit</strong></span> <span class='ocrx_word' id='word_1_176' title='bbox 766 1941 1008 2001; x_wconf 90' lang='lat' dir='ltr'><strong>medium</strong></span> <span class='ocrx_word' id='word_1_177' title='bbox 1048 1940 1306 2019; x_wconf 86' lang='lat' dir='ltr'><strong>quiddam</strong></span> <span class='ocrx_word' id='word_1_178' title='bbox 1345 1949 1574 1999; x_wconf 87' lang='lat' dir='ltr'><strong>tenere:</strong></span> <span class='ocrx_word' id='word_1_179' title='bbox 1625 1939 1826 1998; x_wconf 84' lang='lat' dir='ltr'><strong>videor</strong></span> <span class='ocrx_word' id='word_1_180' title='bbox 1864 1940 2137 1998; x_wconf 90' lang='lat' dir='ltr'><strong>tenuisse.</strong></span> 
     </span>
     <span class='ocr_line' id='line_1_22' title="bbox 147 2021 2142 2104; baseline -0.004 -16"><span class='ocrx_word' id='word_1_181' title='bbox 147 2027 453 2088; x_wconf 89' lang='lat' dir='ltr'><strong>Actionem</strong></span> <span class='ocrx_word' id='word_1_182' title='bbox 480 2043 691 2102; x_wconf 88' lang='lat' dir='ltr'><strong>meam,</strong></span> <span class='ocrx_word' id='word_1_183' title='bbox 726 2035 785 2085; x_wconf 91' lang='lat' dir='ltr'><strong>ut</strong></span> <span class='ocrx_word' id='word_1_184' title='bbox 810 2025 1028 2104; x_wconf 88' lang='lat' dir='ltr'><strong>proelia</strong></span> <span class='ocrx_word' id='word_1_185' title='bbox 1059 2023 1241 2100; x_wconf 89' lang='lat' dir='ltr'><strong>solet,</strong></span> <span class='ocrx_word' id='word_1_186' title='bbox 1285 2041 1398 2084; x_wconf 88' lang='lat' dir='ltr'><strong>nox</strong></span> <span class='ocrx_word' id='word_1_187' title='bbox 1426 2024 1663 2084; x_wconf 90' lang='lat' dir='ltr'><strong>diremit.</strong></span> <span class='ocrx_word' id='word_1_188' title='bbox 1712 2021 1954 2100; x_wconf 83' lang='lat' dir='ltr'><strong>Egeram</strong></span> <span class='ocrx_word' id='word_1_189' title='bbox 1987 2021 2142 2081; x_wconf 90' lang='lat' dir='ltr'><strong>horis</strong></span> 
     </span>
     <span class='ocr_line' id='line_1_23' title="bbox 150 2106 2143 2187; baseline -0.004 -16"><span class='ocrx_word' id='word_1_190' title='bbox 150 2111 333 2173; x_wconf 90' lang='lat' dir='ltr'><strong>trihus</strong></span> <span class='ocrx_word' id='word_1_191' title='bbox 360 2120 420 2170; x_wconf 93' lang='lat' dir='ltr'><strong>et</strong></span> <span class='ocrx_word' id='word_1_192' title='bbox 446 2109 698 2187; x_wconf 89' lang='lat' dir='ltr'><strong>dimidia,</strong></span> <span class='ocrx_word' id='word_1_193' title='bbox 743 2119 1039 2187; x_wconf 86' lang='lat' dir='ltr'><strong>supererat</strong></span> <span class='ocrx_word' id='word_1_194' title='bbox 1073 2107 1429 2187; x_wconf 89' lang='lat' dir='ltr'><strong>sesquihora.</strong></span> <span class='ocrx_word' id='word_1_195' title='bbox 1491 2106 1632 2167; x_wconf 89' lang='lat' dir='ltr'><strong>Nam</strong></span> <span class='ocrx_word' id='word_1_196' title='bbox 1665 2124 1791 2168; x_wconf 92' lang='lat' dir='ltr'><strong>cum</strong></span> <span class='ocrx_word' id='word_1_197' title='bbox 1819 2126 1853 2167; x_wconf 99' lang='lat' dir='ltr'><strong>e</strong></span> <span class='ocrx_word' id='word_1_198' title='bbox 1885 2106 2018 2183; x_wconf 89' lang='lat' dir='ltr'><strong>lege</strong></span> <span class='ocrx_word' id='word_1_199' title='bbox 2048 2123 2143 2164; x_wconf 89' lang='lat' dir='ltr'><strong>ac-</strong></span> 
     </span>
     <span class='ocr_line' id='line_1_24' title="bbox 153 2190 2144 2271; baseline -0.004 -16"><span class='ocrx_word' id='word_1_200' title='bbox 153 2204 385 2255; x_wconf 89' lang='lat' dir='ltr'><strong>cusator</strong></span> <span class='ocrx_word' id='word_1_201' title='bbox 404 2213 509 2255; x_wconf 86' lang='lat' dir='ltr'><strong>sex</strong></span> <span class='ocrx_word' id='word_1_202' title='bbox 536 2193 738 2270; x_wconf 84' lang='lat' dir='ltr'><strong>horas,</strong></span> <span class='ocrx_word' id='word_1_203' title='bbox 780 2210 985 2253; x_wconf 85' lang='lat' dir='ltr'><strong>novem</strong></span> <span class='ocrx_word' id='word_1_204' title='bbox 1025 2211 1160 2254; x_wconf 90' lang='lat' dir='ltr'><strong>reus</strong></span> <span class='ocrx_word' id='word_1_205' title='bbox 1200 2193 1559 2271; x_wconf 85' lang='lat' dir='ltr'><strong>accepisset,</strong></span> <span class='ocrx_word' id='word_1_206' title='bbox 1601 2193 1679 2251; x_wconf 88' lang='lat' dir='ltr'><strong>ita</strong></span> <span class='ocrx_word' id='word_1_207' title='bbox 1708 2190 1976 2250; x_wconf 81' lang='lat' dir='ltr'><strong>diviserat</strong></span> <span class='ocrx_word' id='word_1_208' title='bbox 2003 2198 2144 2249; x_wconf 89' lang='lat' dir='ltr'><strong>tem-</strong></span> 
     </span>
     <span class='ocr_line' id='line_1_25' title="bbox 151 2275 2147 2359; baseline -0.004 -20"><span class='ocrx_word' id='word_1_209' title='bbox 151 2296 292 2359; x_wconf 88' lang='lat' dir='ltr'><strong>pora</strong></span> <span class='ocrx_word' id='word_1_210' title='bbox 320 2296 455 2338; x_wconf 87' lang='lat' dir='ltr'><strong>reus</strong></span> <span class='ocrx_word' id='word_1_211' title='bbox 489 2279 639 2338; x_wconf 90' lang='lat' dir='ltr'><strong>inter</strong></span> <span class='ocrx_word' id='word_1_212' title='bbox 664 2295 754 2337; x_wconf 90' lang='lat' dir='ltr'><strong>me</strong></span> <span class='ocrx_word' id='word_1_213' title='bbox 788 2285 847 2338; x_wconf 90' lang='lat' dir='ltr'><strong>et</strong></span> <span class='ocrx_word' id='word_1_214' title='bbox 876 2294 1004 2337; x_wconf 91' lang='lat' dir='ltr'><strong>eum</strong></span> <span class='ocrx_word' id='word_1_215' title='bbox 1034 2279 1130 2354; x_wconf 92' lang='lat' dir='ltr'><strong>qui</strong></span> <span class='ocrx_word' id='word_1_216' title='bbox 1162 2277 1414 2339; x_wconf 89' lang='lat' dir='ltr'><strong>dicturus</strong></span> <span class='ocrx_word' id='word_1_217' title='bbox 1435 2285 1568 2355; x_wconf 91' lang='lat' dir='ltr'><strong>post</strong></span> <span class='ocrx_word' id='word_1_218' title='bbox 1591 2285 1732 2352; x_wconf 85' lang='lat' dir='ltr'><strong>erat,</strong></span> <span class='ocrx_word' id='word_1_219' title='bbox 1761 2285 1823 2335; x_wconf 90' lang='lat' dir='ltr'><strong>ut</strong></span> <span class='ocrx_word' id='word_1_220' title='bbox 1846 2292 1960 2352; x_wconf 90' lang='lat' dir='ltr'><strong>ego</strong></span> <span class='ocrx_word' id='word_1_221' title='bbox 1983 2275 2147 2351; x_wconf 73' lang='lat' dir='ltr'><strong>quin-</strong></span> 
     </span>
     <span class='ocr_line' id='line_1_26' title="bbox 76 2358 2228 2441; baseline -0.004 -17"><span class='ocrx_word' id='word_1_222' title='bbox 76 2371 266 2441; x_wconf 79' lang='lat' dir='ltr'><strong>25que</strong></span> <span class='ocrx_word' id='word_1_223' title='bbox 297 2362 477 2439; x_wconf 91' lang='lat' dir='ltr'><strong>horis,</strong></span> <span class='ocrx_word' id='word_1_224' title='bbox 509 2361 607 2422; x_wconf 91' lang='lat' dir='ltr'><strong>ille</strong></span> <span class='ocrx_word' id='word_1_225' title='bbox 634 2361 871 2439; x_wconf 87' lang='lat' dir='ltr'><strong>reliquis</strong></span> <span class='ocrx_word' id='word_1_226' title='bbox 900 2370 1169 2421; x_wconf 90' lang='lat' dir='ltr'><strong>uteretur.</strong></span> <span class='ocrx_word' id='word_1_227' title='bbox 1213 2360 1349 2420; x_wconf 84' lang='lat' dir='ltr'><strong>Mihi</strong></span> <span class='ocrx_word' id='word_1_228' title='bbox 1372 2378 1676 2422; x_wconf 89' lang='lat' dir='ltr'><strong>successus</strong></span> <span class='ocrx_word' id='word_1_229' title='bbox 1705 2361 1941 2421; x_wconf 90' lang='lat' dir='ltr'><strong>actionis</strong></span> <span class='ocrx_word' id='word_1_230' title='bbox 1973 2358 2142 2419; x_wconf 88' lang='lat' dir='ltr'><strong>silen-</strong></span> <span class='ocrx_word' id='word_1_231' title='bbox 2162 2365 2228 2417; x_wconf 89' lang='lat'><strong>10</strong></span> 
     </span>
     <span class='ocr_line' id='line_1_27' title="bbox 153 2442 2145 2523; baseline -0.003 -17"><span class='ocrx_word' id='word_1_232' title='bbox 153 2448 291 2506; x_wconf 87' lang='lat' dir='ltr'><strong>tium</strong></span> <span class='ocrx_word' id='word_1_233' title='bbox 323 2446 601 2523; x_wconf 85' lang='lat' dir='ltr'><strong>finemque</strong></span> <span class='ocrx_word' id='word_1_234' title='bbox 650 2446 940 2506; x_wconf 89' lang='lat' dir='ltr'><strong>suadebat.</strong></span> <span class='ocrx_word' id='word_1_235' title='bbox 1003 2445 1381 2506; x_wconf 89' lang='lat' dir='ltr'><strong>Temerarium</strong></span> <span class='ocrx_word' id='word_1_236' title='bbox 1414 2454 1503 2506; x_wconf 89' lang='lat' dir='ltr'><strong>est</strong></span> <span class='ocrx_word' id='word_1_237' title='bbox 1542 2447 1689 2505; x_wconf 87' lang='lat' dir='ltr'><strong>enim</strong></span> <span class='ocrx_word' id='word_1_238' title='bbox 1729 2442 1992 2504; x_wconf 91' lang='lat' dir='ltr'><strong>secundis</strong></span> <span class='ocrx_word' id='word_1_239' title='bbox 2031 2460 2145 2502; x_wconf 90' lang='lat' dir='ltr'><strong>non</strong></span> 
     </span>
     <span class='ocr_line' id='line_1_28' title="bbox 66 2528 2145 2609; baseline -0.003 -18"><span class='ocrx_word' id='word_1_240' title='bbox 66 2582 87 2604; x_wconf 83' lang='lat'><strong>,</strong></span> <span class='ocrx_word' id='word_1_241' title='bbox 154 2548 291 2591; x_wconf 88' lang='lat' dir='ltr'><strong>esse</strong></span> <span class='ocrx_word' id='word_1_242' title='bbox 322 2539 666 2590; x_wconf 89' lang='lat' dir='ltr'><strong>contentum.</strong></span> <span class='ocrx_word' id='word_1_243' title='bbox 717 2529 807 2589; x_wconf 87' lang='lat' dir='ltr'><strong>Ad</strong></span> <span class='ocrx_word' id='word_1_244' title='bbox 834 2529 946 2589; x_wconf 88' lang='lat' dir='ltr'><strong>hoc</strong></span> <span class='ocrx_word' id='word_1_245' title='bbox 979 2530 1223 2590; x_wconf 85' lang='lat' dir='ltr'><strong>verebar</strong></span> <span class='ocrx_word' id='word_1_246' title='bbox 1248 2548 1320 2589; x_wconf 89' lang='lat' dir='ltr'><strong>ne</strong></span> <span class='ocrx_word' id='word_1_247' title='bbox 1349 2547 1438 2589; x_wconf 91' lang='lat' dir='ltr'><strong>me</strong></span> <span class='ocrx_word' id='word_1_248' title='bbox 1474 2530 1730 2609; x_wconf 86' lang='lat' dir='ltr'><strong>corporis</strong></span> <span class='ocrx_word' id='word_1_249' title='bbox 1758 2530 1911 2588; x_wconf 81' lang='lat' dir='ltr'><strong>vires</strong></span> <span class='ocrx_word' id='word_1_250' title='bbox 1943 2528 2145 2586; x_wconf 88' lang='lat' dir='ltr'><strong>iterato</strong></span> 
     </span>
     <span class='ocr_line' id='line_1_29' title="bbox 155 2612 2145 2692; baseline -0.003 -19"><span class='ocrx_word' id='word_1_251' title='bbox 155 2613 353 2674; x_wconf 86' lang='lat' dir='ltr'><strong>labore</strong></span> <span class='ocrx_word' id='word_1_252' title='bbox 406 2614 773 2691; x_wconf 90' lang='lat' dir='ltr'><strong>desererent,</strong></span> <span class='ocrx_word' id='word_1_253' title='bbox 830 2631 998 2691; x_wconf 91' lang='lat' dir='ltr'><strong>quem</strong></span> <span class='ocrx_word' id='word_1_254' title='bbox 1037 2612 1323 2673; x_wconf 87' lang='lat' dir='ltr'><strong>difficilius</strong></span> <span class='ocrx_word' id='word_1_255' title='bbox 1377 2622 1466 2673; x_wconf 91' lang='lat' dir='ltr'><strong>est</strong></span> <span class='ocrx_word' id='word_1_256' title='bbox 1514 2621 1780 2692; x_wconf 90' lang='lat' dir='ltr'><strong>repetere</strong></span> <span class='ocrx_word' id='word_1_257' title='bbox 1823 2627 1983 2688; x_wconf 87' lang='lat' dir='ltr'><strong>quam</strong></span> <span class='ocrx_word' id='word_1_258' title='bbox 2024 2612 2145 2669; x_wconf 90' lang='lat' dir='ltr'><strong>iun-</strong></span> 
     </span>
     <span class='ocr_line' id='line_1_30' title="bbox 153 2695 2228 2777; baseline -0.002 -19"><span class='ocrx_word' id='word_1_259' title='bbox 153 2716 316 2776; x_wconf 85' lang='lat' dir='ltr'><strong>gere.</strong></span> <span class='ocrx_word' id='word_1_260' title='bbox 382 2696 519 2757; x_wconf 85' lang='lat' dir='ltr'><strong>Erat</strong></span> <span class='ocrx_word' id='word_1_261' title='bbox 562 2700 727 2758; x_wconf 89' lang='lat' dir='ltr'><strong>etiam</strong></span> <span class='ocrx_word' id='word_1_262' title='bbox 754 2696 1068 2777; x_wconf 90' lang='lat' dir='ltr'><strong>periculum</strong></span> <span class='ocrx_word' id='word_1_263' title='bbox 1100 2715 1172 2758; x_wconf 90' lang='lat' dir='ltr'><strong>ne</strong></span> <span class='ocrx_word' id='word_1_264' title='bbox 1200 2697 1421 2775; x_wconf 90' lang='lat' dir='ltr'><strong>reliqua</strong></span> <span class='ocrx_word' id='word_1_265' title='bbox 1449 2698 1596 2756; x_wconf 89' lang='lat' dir='ltr'><strong>actio</strong></span> <span class='ocrx_word' id='word_1_266' title='bbox 1629 2714 1754 2755; x_wconf 91' lang='lat' dir='ltr'><strong>mea</strong></span> <span class='ocrx_word' id='word_1_267' title='bbox 1783 2705 1838 2754; x_wconf 91' lang='lat' dir='ltr'><strong>et</strong></span> <span class='ocrx_word' id='word_1_268' title='bbox 1869 2695 2047 2770; x_wconf 80' lang='lat' dir='ltr'><strong>frigus</strong></span> <span class='ocrx_word' id='word_1_269' title='bbox 2083 2702 2146 2752; x_wconf 87' lang='lat' dir='ltr'><strong>ut</strong></span> <span class='ocrx_word' id='word_1_270' title='bbox 2165 2702 2228 2754; x_wconf 91' lang='lat'><strong>11</strong></span> 
     </span>
     <span class='ocr_line' id='line_1_31' title="bbox 75 2778 2150 2860; baseline -0.005 -13"><span class='ocrx_word' id='word_1_271' title='bbox 75 2792 142 2847; x_wconf 77' lang='lat'><strong>30</strong></span> <span class='ocrx_word' id='word_1_272' title='bbox 156 2782 420 2860; x_wconf 86' lang='lat' dir='ltr'><strong>deposita</strong></span> <span class='ocrx_word' id='word_1_273' title='bbox 442 2791 501 2842; x_wconf 87' lang='lat' dir='ltr'><strong>et</strong></span> <span class='ocrx_word' id='word_1_274' title='bbox 521 2781 762 2842; x_wconf 89' lang='lat' dir='ltr'><strong>taedium</strong></span> <span class='ocrx_word' id='word_1_275' title='bbox 784 2790 843 2841; x_wconf 87' lang='lat' dir='ltr'><strong>ut</strong></span> <span class='ocrx_word' id='word_1_276' title='bbox 864 2791 1148 2860; x_wconf 89' lang='lat' dir='ltr'><strong>resumpta</strong></span> <span class='ocrx_word' id='word_1_277' title='bbox 1170 2790 1479 2859; x_wconf 86' lang='lat' dir='ltr'><strong>pateretur.</strong></span> <span class='ocrx_word' id='word_1_278' title='bbox 1507 2779 1581 2840; x_wconf 92' lang='lat' dir='ltr'><strong>Ut</strong></span> <span class='ocrx_word' id='word_1_279' title='bbox 1605 2782 1752 2839; x_wconf 90' lang='lat' dir='ltr'><strong>enim</strong></span> <span class='ocrx_word' id='word_1_280' title='bbox 1773 2778 1928 2838; x_wconf 86' lang='lat' dir='ltr'><strong>faces</strong></span> <span class='ocrx_word' id='word_1_281' title='bbox 1960 2779 2150 2855; x_wconf 90' lang='lat' dir='ltr'><strong>ignem</strong></span> 
     </span>
     <span class='ocr_line' id='line_1_32' title="bbox 152 2864 2161 2940; baseline -0.003 -14"><span class='ocrx_word' id='word_1_282' title='bbox 152 2865 385 2926; x_wconf 86' lang='lat' dir='ltr'><strong>adsidua</strong></span> <span class='ocrx_word' id='word_1_283' title='bbox 416 2867 795 2927; x_wconf 88' lang='lat' dir='ltr'><strong>concussione</strong></span> <span class='ocrx_word' id='word_1_284' title='bbox 829 2865 1181 2940; x_wconf 90' lang='lat' dir='ltr'><strong>custodiunt,</strong></span> <span class='ocrx_word' id='word_1_285' title='bbox 1211 2865 1497 2924; x_wconf 90' lang='lat' dir='ltr'><strong>dimissum</strong></span> <span class='ocrx_word' id='word_1_286' title='bbox 1523 2864 1836 2940; x_wconf 88' lang='lat' dir='ltr'><strong>aegerrime</strong></span> <span class='ocrx_word' id='word_1_287' title='bbox 1865 2871 2161 2940; x_wconf 77' lang='lat' dir='ltr'><strong>reparant,</strong></span> 
     </span>
     <span class='ocr_line' id='line_1_33' title="bbox 155 2947 2149 3011; baseline -0.004 -1"><span class='ocrx_word' id='word_1_288' title='bbox 155 2951 242 3010; x_wconf 90' lang='lat' dir='ltr'><strong>sic</strong></span> <span class='ocrx_word' id='word_1_289' title='bbox 272 2959 330 3010; x_wconf 89' lang='lat' dir='ltr'><strong>et</strong></span> <span class='ocrx_word' id='word_1_290' title='bbox 361 2949 604 3011; x_wconf 87' lang='lat' dir='ltr'><strong>dicentis</strong></span> <span class='ocrx_word' id='word_1_291' title='bbox 635 2948 792 3010; x_wconf 86' lang='lat' dir='ltr'><strong>calor</strong></span> <span class='ocrx_word' id='word_1_292' title='bbox 824 2958 884 3009; x_wconf 89' lang='lat' dir='ltr'><strong>et</strong></span> <span class='ocrx_word' id='word_1_293' title='bbox 924 2949 1197 3009; x_wconf 90' lang='lat' dir='ltr'><strong>audientis</strong></span> <span class='ocrx_word' id='word_1_294' title='bbox 1239 2949 1478 3008; x_wconf 90' lang='lat' dir='ltr'><strong>intentio</strong></span> <span class='ocrx_word' id='word_1_295' title='bbox 1513 2947 1929 3007; x_wconf 88' lang='lat' dir='ltr'><strong>continuatione</strong></span> <span class='ocrx_word' id='word_1_296' title='bbox 1960 2962 2149 3005; x_wconf 85' lang='lat' dir='ltr'><strong>serva·</strong></span> 
     </span>
     <span class='ocr_line' id='line_1_34' title="bbox 153 3028 2231 3114; baseline -0.002 -21"><span class='ocrx_word' id='word_1_297' title='bbox 153 3041 263 3110; x_wconf 90' lang='lat' dir='ltr'><strong>tur,</strong></span> <span class='ocrx_word' id='word_1_298' title='bbox 294 3033 717 3114; x_wconf 86' lang='lat' dir='ltr'><strong>intercapedine</strong></span> <span class='ocrx_word' id='word_1_299' title='bbox 744 3043 804 3095; x_wconf 90' lang='lat' dir='ltr'><strong>et</strong></span> <span class='ocrx_word' id='word_1_300' title='bbox 833 3035 992 3111; x_wconf 88' lang='lat' dir='ltr'><strong>quasi</strong></span> <span class='ocrx_word' id='word_1_301' title='bbox 1026 3034 1364 3093; x_wconf 87' lang='lat' dir='ltr'><strong>remissione</strong></span> <span class='ocrx_word' id='word_1_302' title='bbox 1399 3029 1732 3108; x_wconf 86' lang='lat' dir='ltr'><strong>languescit.</strong></span> <span class='ocrx_word' id='word_1_303' title='bbox 1795 3029 1911 3089; x_wconf 90' lang='lat' dir='ltr'><strong>Sed</strong></span> <span class='ocrx_word' id='word_1_304' title='bbox 1936 3028 2146 3088; x_wconf 89' lang='lat' dir='ltr'><strong>Bassus</strong></span> <span class='ocrx_word' id='word_1_305' title='bbox 2165 3037 2231 3089; x_wconf 82' lang='lat'><strong>12</strong></span> 
     </span>
     <span class='ocr_line' id='line_1_35' title="bbox 157 3113 2149 3196; baseline -0.003 -20"><span class='ocrx_word' id='word_1_306' title='bbox 157 3116 349 3178; x_wconf 92' lang='lat' dir='ltr'><strong>multis</strong></span> <span class='ocrx_word' id='word_1_307' title='bbox 393 3118 699 3196; x_wconf 89' lang='lat' dir='ltr'><strong>precihus,</strong></span> <span class='ocrx_word' id='word_1_308' title='bbox 741 3136 924 3196; x_wconf 91' lang='lat' dir='ltr'><strong>paene</strong></span> <span class='ocrx_word' id='word_1_309' title='bbox 965 3119 1130 3177; x_wconf 88' lang='lat' dir='ltr'><strong>etiam</strong></span> <span class='ocrx_word' id='word_1_310' title='bbox 1171 3115 1417 3175; x_wconf 88' lang='lat' dir='ltr'><strong>lacrimis</strong></span> <span class='ocrx_word' id='word_1_311' title='bbox 1473 3113 1812 3174; x_wconf 86' lang='lat' dir='ltr'><strong>obsecrabat</strong></span> <span class='ocrx_word' id='word_1_312' title='bbox 1851 3113 2149 3191; x_wconf 87' lang='lat' dir='ltr'><strong>implerem</strong></span> 
     </span>
     <span class='ocr_line' id='line_1_36' title="bbox 78 3195 2147 3280; baseline -0.004 -15"><span class='ocrx_word' id='word_1_313' title='bbox 78 3210 344 3265; x_wconf 79' lang='lat' dir='ltr'><strong>35meum</strong></span> <span class='ocrx_word' id='word_1_314' title='bbox 374 3210 618 3280; x_wconf 90' lang='lat' dir='ltr'><strong>tempus.</strong></span> <span class='ocrx_word' id='word_1_315' title='bbox 684 3201 845 3262; x_wconf 92' lang='lat' dir='ltr'><strong>Parui</strong></span> <span class='ocrx_word' id='word_1_316' title='bbox 876 3200 1281 3277; x_wconf 87' lang='lat' dir='ltr'><strong>utilitatemque</strong></span> <span class='ocrx_word' id='word_1_317' title='bbox 1324 3201 1446 3259; x_wconf 91' lang='lat' dir='ltr'><strong>eius</strong></span> <span class='ocrx_word' id='word_1_318' title='bbox 1478 3197 1720 3276; x_wconf 90' lang='lat' dir='ltr'><strong>praetuli</strong></span> <span class='ocrx_word' id='word_1_319' title='bbox 1747 3214 1924 3257; x_wconf 90' lang='lat' dir='ltr'><strong>meae.</strong></span> <span class='ocrx_word' id='word_1_320' title='bbox 1990 3195 2147 3256; x_wconf 89' lang='lat' dir='ltr'><strong>Bene</strong></span> 
     </span>
     <span class='ocr_line' id='line_1_37' title="bbox 162 3284 2148 3357; baseline -0.003 -12"><span class='ocrx_word' id='word_1_321' title='bbox 162 3288 373 3347; x_wconf 86' lang='lat' dir='ltr'><strong>cessit:</strong></span> <span class='ocrx_word' id='word_1_322' title='bbox 426 3287 616 3346; x_wconf 84' lang='lat' dir='ltr'><strong>inveni</strong></span> <span class='ocrx_word' id='word_1_323' title='bbox 666 3287 741 3345; x_wconf 85' lang='lat' dir='ltr'><strong>ita</strong></span> <span class='ocrx_word' id='word_1_324' title='bbox 783 3294 1011 3346; x_wconf 89' lang='lat' dir='ltr'><strong>erectos</strong></span> <span class='ocrx_word' id='word_1_325' title='bbox 1054 3285 1270 3344; x_wconf 89' lang='lat' dir='ltr'><strong>animos</strong></span> <span class='ocrx_word' id='word_1_326' title='bbox 1319 3291 1578 3357; x_wconf 87' lang='lat' dir='ltr'><strong>senatus,</strong></span> <span class='ocrx_word' id='word_1_327' title='bbox 1636 3284 1712 3343; x_wconf 89' lang='lat' dir='ltr'><strong>ita</strong></span> <span class='ocrx_word' id='word_1_328' title='bbox 1763 3289 2034 3341; x_wconf 88' lang='lat' dir='ltr'><strong>recentes</strong></span> <span class='ocrx_word' id='word_1_329' title='bbox 2087 3289 2148 3340; x_wconf 86' lang='lat' dir='ltr'><strong>ut</strong></span> 
     </span>
     <span class='ocr_line' id='line_1_38' title="bbox 159 3365 2233 3447; baseline -0.003 -19"><span class='ocrx_word' id='word_1_330' title='bbox 159 3370 352 3447; x_wconf 91' lang='lat' dir='ltr'><strong>priore</strong></span> <span class='ocrx_word' id='word_1_331' title='bbox 392 3371 619 3429; x_wconf 89' lang='lat' dir='ltr'><strong>actione</strong></span> <span class='ocrx_word' id='word_1_332' title='bbox 659 3371 872 3429; x_wconf 90' lang='lat' dir='ltr'><strong>incitati</strong></span> <span class='ocrx_word' id='word_1_333' title='bbox 903 3370 1081 3445; x_wconf 88' lang='lat' dir='ltr'><strong>magis</strong></span> <span class='ocrx_word' id='word_1_334' title='bbox 1111 3385 1275 3445; x_wconf 88' lang='lat' dir='ltr'><strong>quam</strong></span> <span class='ocrx_word' id='word_1_335' title='bbox 1304 3368 1483 3428; x_wconf 88' lang='lat' dir='ltr'><strong>satiati</strong></span> <span class='ocrx_word' id='word_1_336' title='bbox 1512 3366 1852 3426; x_wconf 83' lang='lat' dir='ltr'><strong>viderentur.</strong></span> <span class='ocrx_word' id='word_1_337' title='bbox 1903 3365 2147 3424; x_wconf 88' lang='lat' dir='ltr'><strong>Succes-</strong></span> <span class='ocrx_word' id='word_1_338' title='bbox 2167 3369 2233 3423; x_wconf 84' lang='lat'><strong>13</strong></span> 
     </span>
     <span class='ocr_line' id='line_1_39' title="bbox 160 3451 2145 3532; baseline -0.005 -18"><span class='ocrx_word' id='word_1_339' title='bbox 160 3454 233 3514; x_wconf 90' lang='lat' dir='ltr'><strong>sit</strong></span> <span class='ocrx_word' id='word_1_340' title='bbox 259 3451 396 3514; x_wconf 88' lang='lat' dir='ltr'><strong>mihi</strong></span> <span class='ocrx_word' id='word_1_341' title='bbox 426 3451 710 3514; x_wconf 90' lang='lat' dir='ltr'><strong>Lucceius</strong></span> <span class='ocrx_word' id='word_1_342' title='bbox 742 3453 1015 3530; x_wconf 76' lang='lat' dir='ltr'><strong>Albinus,</strong></span> <span class='ocrx_word' id='word_1_343' title='bbox 1057 3461 1169 3513; x_wconf 87' lang='lat' dir='ltr'><strong>tam</strong></span> <span class='ocrx_word' id='word_1_344' title='bbox 1206 3461 1340 3532; x_wconf 88' lang='lat' dir='ltr'><strong>apte</strong></span> <span class='ocrx_word' id='word_1_345' title='bbox 1381 3460 1441 3511; x_wconf 90' lang='lat' dir='ltr'><strong>ut</strong></span> <span class='ocrx_word' id='word_1_346' title='bbox 1480 3453 1761 3511; x_wconf 89' lang='lat' dir='ltr'><strong>orationes</strong></span> <span class='ocrx_word' id='word_1_347' title='bbox 1799 3457 2024 3508; x_wconf 88' lang='lat' dir='ltr'><strong>nostrae</strong></span> <span class='ocrx_word' id='word_1_348' title='bbox 2054 3463 2145 3505; x_wconf 87' lang='lat' dir='ltr'><strong>va·</strong></span> 
     </span>
    </p>
   </div>
  </div>
 </body>
</html>
