2467 3850
31 3569 43 3806 .

623 177 1144 241 EPISTULARUM
1184 178 1232 241 1.
1275 190 1361 243 15.
1392 190 1477 244 16.
1509 188 1592 244 17.
1624 190 1707 244 18.
2072 183 2149 246 15

163 332 323 404 Quae
355 333 480 391 sive
507 332 699 391 uxoris
729 341 891 408 sunt,
921 341 983 392 ut
1011 332 1289 407 adfirmat,
1321 334 1442 392 sive
1468 332 1679 411 ipsius,
1713 343 1775 393 ut
1808 343 1999 410 negat,
2031 339 2149 411 pari

161 417 345 494 gloria
375 417 578 492 diguus
610 417 704 492 qui
731 426 825 476 aut
847 415 942 477 illa
968 426 1266 494 componat
1288 425 1380 475 aut
1403 433 1655 492 uxorem,
1689 434 1851 494 quam
1877 418 2150 495 virginem

159 501 425 577 accepit,
467 508 577 558 tam
614 497 837 559 doctam
863 499 1207 579 politamque
1237 499 1561 560 reddiderit.
1627 500 1734 561 Est
1763 518 1902 578 ergo
1930 518 2150 560 mecum
2166 509 2209 566 7·

159 602 268 664 per
301 584 453 643 diem
472 592 679 642 totum:
716 583 956 644 eundem
976 594 1272 661 antequam
1300 584 1562 658 scribam,
1596 583 1834 644 eundem
1864 604 1988 644 cum
2011 587 2149 645 scri-

119 682 148 730 5
167 670 288 746 psi,
325 667 568 727 eundem
596 669 762 728 etiam
800 686 924 728 cum
951 670 1236 743 remittor,
1280 685 1392 726 non
1422 677 1697 745 tamquam
1728 667 1967 728 eundem
1993 668 2149 746 lego.

161 751 332 825 Quod
361 761 420 810 te
451 767 679 830 quoque
707 761 768 811 ut
797 751 969 812 facias
1001 761 1058 811 et
1086 751 1282 813 hortor
1310 761 1367 811 et
1393 769 1619 811 moneo.
1658 749 1859 830 Neque
1886 755 2031 812 enim
2050 751 2197 815 de·8

157 835 260 896 bet
291 835 562 914 operibus
594 836 715 895 eius
739 836 952 896 obesse
976 835 1127 915 quod
1148 838 1306 896 vivit.
1339 836 1429 894 An
1459 836 1507 896 si
1535 837 1681 896 inter
1704 854 1806 896 eos
1832 853 1973 914 quos
1997 854 2150 896 num-

64 988 69 992 ,
161 937 331 998 quam
371 918 608 979 vidimus
646 917 967 997 floruisset,
1017 937 1131 978 non
1162 919 1346 980 solum
1373 918 1551 980 libros
1595 921 1716 980 eius
1747 938 1943 979 verum
1986 922 2150 979 etiam

159 1005 438 1080 imagines
469 1004 914 1080 requireremus;
946 1003 1200 1064 eiusdem
1226 1022 1374 1063 nunc
1405 1002 1586 1062 honor
1607 1005 1921 1081 praesentis
1948 1013 2005 1063 et
2027 1022 2152 1081 gra-

91 1099 148 1151 lo
161 1090 239 1148 tia
261 1088 423 1165 quasi
453 1089 710 1147 satietate
739 1085 1096 1165 languescit?
1124 1088 1201 1148 At
1223 1088 1334 1148 hoc
1356 1105 1586 1166 pravum
1606 1088 2014 1166 malignumque
2040 1097 2149 1165 est,
2165 1097 2199 1150 9

162 1189 276 1230 non
316 1171 570 1230 admirari
599 1171 879 1232 hominem
911 1172 1270 1232 admiratione
1304 1171 1719 1249 dignissimum,
1778 1173 1904 1250 quia
1932 1171 2150 1248 videre,

162 1254 429 1332 adloqui,
476 1254 700 1331 audire,
747 1255 1084 1335 complecti,
1126 1275 1237 1316 nec
1265 1255 1492 1316 laudare
1519 1265 1729 1317 tantum
1763 1273 1959 1319 verum
1988 1256 2153 1316 etiam
2224 1264 2227 1265 ’

165 1358 351 1399 amare
382 1340 636 1416 contigit.
691 1338 854 1400 Vale.

122 1515 142 1529 .
1208 1472 1256 1533 Ι.

94 1515 151 1567 ¹³
550 1569 606 1625 c,
641 1569 890 1621 Pmes
926 1473 1239 1622 CORNJSJO
1269 1572 1521 1625 TITIANO
1562 1572 1678 1623 suo
1717 1571 1770 1625 S.

290 1670 398 1732 Est
426 1671 608 1732 adhuc
633 1679 806 1733 'curae
847 1671 1162 1734 hominibus
1205 1674 1346 1735 fides
1379 1684 1438 1735 et
1468 1675 1735 1751 officium,
1772 1683 1899 1734 suut
1930 1676 2022 1753 qui
2053 1675 2194 1737 de-l

167 1754 489 1815 functorum
529 1775 754 1836 quoque
791 1759 1001 1818 amicos
1036 1767 1220 1834 agant.
1293 1758 1524 1818 Titinius
1562 1756 1762 1836 Capito
1803 1758 1872 1817 ab
1914 1759 2149 1836 impera-

167 1849 294 1899 tore
323 1849 517 1900 nostro
557 1843 871 1918 impetravit
911 1851 971 1901 ut
1009 1842 1116 1901 sibi
1156 1840 1359 1901 liceret
1389 1851 1622 1902 statuam
1650 1841 1711 1899 L.
1747 1839 1916 1900 Silani
1942 1843 1999 1900 in
2029 1841 2154 1900 foro

96 1930 410 2004 20ponere.
448 1924 745 1985 Pulchrum
773 1936 830 1986 et
857 1945 1056 2003 magua
1084 1925 1248 1985 laude
1279 1926 1503 2003 dignum
1535 1926 1772 1984 amicitia
1799 1927 2066 2003 principis
2096 1927 2198 1984 in2

169 2008 284 2068 hoc
324 2010 426 2085 uti,
464 2019 838 2088 quantumque
867 2013 1044 2087 gratia
1071 2009 1264 2071 valeas
1293 2010 1525 2071 aliorum
1553 2009 1856 2070 honoribus
1888 2009 2154 2086 experiri.

169 2092 277 2153 Est
309 2094 528 2152 omnino
553 2091 809 2173 Capitoni
838 2097 893 2153 in
922 2113 1027 2154 usu
1052 2093 1236 2155 claros
1268 2096 1421 2156 viros
1453 2094 1667 2155 colere.
1709 2091 1910 2153 Mirum
1934 2101 2023 2151 est
2044 2099 2200 2170 qua3

171 2176 473 2255 religione,
512 2194 625 2256 quo
649 2178 834 2237 studio
856 2180 1126 2256 imagines
1148 2179 1466 2257 Brutorum,
1500 2177 1845 2254 Cassiorum,
1883 2173 2154 2237 Catonum

175 2261 347 2338 domi,
383 2262 478 2321 uhi
500 2271 714 2340 potest,
737 2260 959 2323 habeat.
1001 2263 1158 2323 Idem
1186 2261 1477 2323 clarissimi
1504 2265 1776 2340 cuiusque
1797 2262 1967 2320 vitam
1990 2278 2154 2336 egre-

101 2347 284 2423 25giis
315 2346 645 2406 carminibus
677 2357 929 2406 exornat.
968 2347 1128 2407 Scias
1156 2347 1339 2424 ipsum
1374 2346 1625 2426 plurimis
1654 2345 1951 2406 virtutibus
1982 2344 2149 2403 abun·
2168 2350 2203 2402 4

176 2429 309 2489 dare
342 2432 437 2509 qui
467 2429 677 2490 alienas
706 2432 790 2491 sic
815 2440 976 2490 amat.
1047 2430 1323 2491 Redditus
1362 2440 1451 2492 est
1487 2430 1548 2489 L.
1585 2429 1773 2490 Silano
1804 2428 2025 2489 debitus
2054 2428 2153 2487 ho-

175 2532 313 2591 nor,
349 2515 507 2573 cuius
544 2514 917 2574 inmortalitati
950 2513 1151 2592 Capito
1183 2517 1482 2595 prospexit
1511 2516 1720 2592 pariter
1747 2522 1805 2573 et
1834 2532 1989 2573 suae.
2042 2510 2155 2570 Ne-

179 2616 289 2676 que
316 2599 465 2657 enim
489 2599 665 2674 magis
696 2596 964 2658 decorum
994 2609 1053 2660 et
1087 2600 1307 2676 insigne
1339 2608 1429 2660 est
1460 2608 1695 2659 statuam
1723 2600 1779 2656 in
1806 2596 1932 2656 foro
1962 2594 2157 2675 populi

177 2679 654 2744 Romani,hahere
683 2700 848 2761 quam
873 2700 1110 2763 ponere.
1178 2682 1342 2744 Vale.

102 2772 163 2826 3⁰
985 2881 992 2889 ,
1066 2816 1274 2880 XVIII.
1314 2833 1408 2868 N

476 2913 531 2968 C.
568 2913 826 2966 ¹PLINIUS
861 2913 1164 2967 SUETONIO
1199 2914 1609 2975 TRANQUILLO
1649 2911 1766 2962 SUO
1805 2909 1857 2960 S.

298 3016 515 3077 Scribis
555 3026 618 3077 te
655 3018 1016 3098 perterritum
1054 3018 1271 3079 somnio
1313 3017 1500 3097 vereri
1542 3033 1614 3075 ne
1664 3012 1796 3093 quid
1834 3011 2055 3072 adversi
2101 3012 2203 3074 inl

152 3097 401 3161 ‘actione
435 3103 696 3180 patiaris,
735 3120 906 3179 rogas
950 3112 1011 3162 ut
1046 3101 1366 3162 dilationem
1394 3108 1580 3178 petam
1621 3108 1678 3158 et
1707 3095 1978 3177 pauculos
2010 3095 2155 3171 dies,

103 3191 340 3246 35certe
373 3186 729 3286 proximum,
765 3204 1055 3247 excusem.
1119 3183 1366 3245 Difficile
1398 3191 1522 3259 est,
1563 3181 1668 3242 sed
1706 3182 1993 3260 experiar:
2050 3176 2160 3239 καὶ

181 3262 306 3350 γάρ
329 3287 368 3329 τ
421 3258 589 3348 ὄναρ
611 3265 684 3329 ἐκ
706 3263 873 3342 Διός
895 3264 1093 3330 ἐστιν.
1134 3268 1337 3329 Refert
1365 3276 1548 3328 tamen
1577 3274 1844 3328 eventura
1871 3263 2059 3325 solcas
2089 3272 2204 3325 an2

186 3354 461 3413 contraria
493 3356 791 3414 somniare.
856 3352 993 3414 Mihi
1023 3353 1306 3433 reputanti
1336 3352 1605 3412 somnium
1631 3367 1816 3410 meum
1841 3347 1989 3409 istud
2010 3344 2161 3425 quod

185 3438 345 3501 times
376 3445 440 3498 tu
476 3440 766 3520 egregiam
806 3440 1084 3500 actionem
1110 3436 1453 3521 portendere
1482 3434 1722 3496 videtur.
1782 3432 2157 3513 Susceperam
2170 3435 2202 3490 3

2219 3709 2443 3807 12
