2467 3850
647 188 1163 252 EPISTULARUM
1182 188 1362 250 VIIII.
1403 199 1453 252 3.
1478 199 1527 252 4.
1556 202 1603 252 5.
1629 200 1680 253 6.
1706 199 1756 253 7.
2074 189 2192 255 177

1173 341 1242 399 V.

802 439 856 491 C.
887 438 1134 492 PLINmS
1162 439 1378 491 Tfflom
1410 439 1529 491 SUO
1567 439 1620 494 S.

337 542 590 620 Egregie
621 543 761 604 facis
794 544 1045 622 (inquiro
1075 544 1277 622 enim),
1311 553 1367 604 et
1395 561 1723 624 persevera,
1756 544 1906 623 quod
1933 546 2192 606 iustitiam
2214 560 2243 612 1

211 637 362 687 tuam
390 627 827 705 provincialibus
849 627 1021 687 multa
1047 626 1384 687 humanitate
1417 628 1801 696 commendas3
1845 631 2002 688 cuius
2031 648 2191 709 prae-

159 712 381 789 5cipua
413 729 541 789 pars
584 720 674 771 est
713 710 1164 771 honestissimum
1201 729 1482 789 quemque
1528 710 1810 789 conplecti
1839 712 2021 791 adque
2060 714 2134 773 ita
2161 732 2192 774 a

210 795 517 856 minoribus
557 796 723 854 amari
753 803 812 853 ut
841 794 1003 854 simul
1031 813 1062 854 a
1100 795 1444 873 principibus
1482 793 1735 872 diligare.
1802 795 2065 874 Plerique
2096 809 2241 860 ειη-2

209 888 359 954 tem,
398 878 527 937 dnm
560 886 827 938 verentur
853 897 926 938 ne
968 881 1182 955 gratiae
1215 880 1523 956 potentium
1560 879 1784 936 nimium
1811 881 2083 958 inpertire
2110 883 2190 940 vi·

212 961 482 1040 deantur,
527 963 899 1023 sinisteritatis
929 962 1112 1040 adque
1150 964 1316 1021 etiam
1353 960 1710 1038 malignitatis
1751 963 1949 1023 famam
1991 981 2191 1024 conse-

212 1055 474 1124 quuntur.
531 1046 583 1105 A
612 1063 723 1122 quo
753 1046 889 1105 vitio
917 1055 975 1105 tu
1004 1045 1175 1123 longe
1207 1047 1533 1105 recessisti:
1566 1049 1717 1114 scio;
1750 1047 1854 1106 sed
1874 1056 2190 1127 temperare
2209 1058 2243 1110 3

124 1149 195 1199 10
213 1128 344 1188 mihi
375 1147 488 1188 non
508 1147 741 1208 possum
769 1147 881 1208 quo
913 1131 1092 1190 minus
1129 1129 1349 1189 laudem
1389 1128 1582 1189 similis
1611 1132 1857 1189 monenti
1885 1130 2035 1209 quod
2064 1149 2191 1191 eum

211 1213 435 1272 modum
471 1221 636 1273 tenes
683 1224 742 1273 ut
786 1214 1097 1273 discrimina
1128 1213 1380 1272 ordinum
1410 1213 1845 1292 dignitatumque
1876 1216 2189 1282 custodias;

212 1314 358 1376 quae
396 1298 444 1356 si
481 1296 717 1357 confusa
762 1297 979 1358 turbata
1007 1299 1282 1376 permixta
1309 1306 1470 1373 sunt,
1507 1296 1645 1356 nihil
1675 1307 1764 1358 est
1796 1300 1918 1377 ipsa
1948 1299 2190 1377 aequali-

212 1388 326 1439 tate
358 1381 717 1458 inaequalius.
782 1380 940 1440 Vale.

1148 1478 1226 1538 Ἦ
1258 1503 1263 1508 .

22 1648 32 1663 .
125 1579 196 1632 15
748 1579 800 1628 C.
839 1577 1087 1629 PLINIUS
1118 1576 1410 1629 CALVISIO
1449 1579 1567 1629 SUO
1603 1579 1657 1629 S.

337 1679 512 1739 Omne
540 1679 651 1738 hoc
683 1687 902 1757 tempus
933 1681 1078 1737 inter
1102 1678 1412 1757 pugillares
1445 1699 1513 1740 ac
1542 1679 1771 1740 libellos
1799 1680 2190 1743 iucundissima
2207 1691 2236 1742 1

216 1764 407 1842 quiete
449 1764 743 1822 transmisi.
791 1761 1317 1835 ‘Quemadmodum'
1359 1766 1542 1842 inquis
1587 1765 1665 1822 ‘in
1704 1763 1843 1823 urbe
1885 1763 2191 1842 potuisti?'

217 1845 519 1907 Circenses
561 1854 746 1922 erant,
789 1863 900 1924 quo
938 1863 1153 1922 genere
1188 1845 1501 1925 spectaculi
1539 1864 1612 1906 ne
1654 1846 1943 1906 levissime
1972 1847 2192 1925 quidem

212 1933 430 1992 timeor.
486 1929 637 1991 Nihil
664 1948 899 2008 novum,
929 1928 1062 1989 nihil
1091 1931 1336 2009 varium,
1365 1930 1500 1990 nihil
1530 1931 1683 2008 quod
1712 1947 1823 1990 non
1850 1930 2027 1991 semel
2058 1949 2189 2009 spe-

124 2031 198 2082 20
218 2025 405 2076 ctasse
439 2014 699 2076 sufficiat.
766 2013 891 2087 Quo
931 2014 1108 2092 magis
1150 2016 1322 2074 miror
1359 2022 1443 2074 tot
1466 2014 1617 2075 milia
1645 2016 1887 2074 virorum
1913 2024 2023 2075 tam
2053 2031 2190 2091 pue·
2208 2021 2243 2072 2

213 2099 394 2160 riliter
421 2098 721 2159 identidem
751 2115 966 2177 cupere
998 2108 1291 2159 currentes
1333 2114 1514 2177 equos
1532 2145 1551 2176 ,
1580 2099 1905 2159 insistentes
1937 2098 2191 2158 curribus

213 2184 467 2246 homines
495 2183 707 2243 videre.
753 2182 813 2243 Si
836 2191 1020 2243 tamen
1040 2192 1131 2243 aut
1159 2181 1463 2244 velocitate
1494 2199 1764 2262 equorum
1792 2192 1886 2242 aut
1912 2181 2193 2242 hominum

86 2333 101 2348 ‚
213 2276 331 2328 arte
376 2267 758 2344 traherentur,
803 2277 959 2327 esset
1008 2268 1149 2327 ratio
1193 2283 1307 2326 non
1344 2266 1524 2327 nulla:
1576 2285 1723 2326 nunc
1764 2266 1954 2326 favent
1982 2281 2188 2344 panno,

215 2368 453 2428 pannum
482 2361 682 2425 amant,
713 2360 770 2412 et
797 2352 845 2410 si
876 2352 930 2411 in
957 2353 1084 2428 ipso
1109 2367 1278 2418 cursu
1307 2350 1607 2429 medioque
1638 2353 1939 2411 certamine
1971 2349 2063 2410 hic
2087 2366 2189 2417 co-

131 2433 500 2511 2510rilluc,
534 2433 631 2495 ille
667 2435 780 2494 huc
808 2435 1199 2510 transferatur,
1245 2434 1483 2495 studium
1512 2434 1783 2512 favorque
1825 2433 2097 2510 transibit,
2134 2442 2194 2492 et

207 2528 456 2597 ‚repente
491 2519 793 2595 agitatores
830 2518 993 2594 illos,
1047 2535 1226 2597 equos
1270 2518 1432 2595 illos,
1480 2535 1623 2596 quos
1665 2517 1863 2596 procul
1892 2519 2191 2591 noscitant,

219 2619 455 2681 quorum
489 2601 766 2661 clamitant
793 2603 1043 2677 nomina,
1074 2602 1409 2679 relinquent.
1476 2600 1645 2660 Tanta
1674 2603 1878 2677 gratia,
1926 2609 2072 2660 tanta
2099 2618 2192 2658 au·

221 2688 451 2746 ctoritas
474 2688 528 2744 in
550 2703 655 2744 una
683 2683 950 2745 vilissima
984 2687 1189 2761 tunica,
1219 2687 1375 2744 mitto
1406 2683 1553 2761 apud
1584 2683 1822 2759 vulgus,
1858 2682 2007 2760 quod
2027 2681 2191 2739 vilius
2209 2686 2244 2738 3

220 2772 406 2829 tunica
423 2815 441 2844 ‚
485 2767 588 2827 sed
612 2767 762 2846 apud
786 2766 1054 2845 quosdam
1082 2786 1288 2846 graves
1310 2767 1595 2834 homines;
1630 2783 1772 2843 quos
1802 2781 1914 2842 ego
1951 2782 2076 2823 cum
2104 2781 2194 2823 re-

133 2866 206 2919 30
225 2853 429 2914 cordor
464 2854 520 2909 in
562 2869 627 2910 re
661 2853 804 2909 inani
856 2849 1056 2926 frigida
1104 2850 1334 2910 adsidua
1370 2858 1479 2909 tam
1506 2847 1888 2909 insatiabiliter
1909 2847 2191 2923 desidere,

224 2939 387 3016 capio
428 2933 664 3012 aliquam
691 2933 1068 3010 voluptatem,
1094 2934 1244 3012 quod
1265 2934 1370 2994 hac
1394 2932 1684 3009 voluptate
1712 2948 1822 2992 non
1855 2936 2064 3009 capior.
2107 2931 2195 2992 Ac
2214 2935 2249 2989 4

223 3038 328 3099 per
356 3021 461 3080 hos
492 3018 615 3078 dies
638 3016 1005 3077 libentissime
1037 3017 1213 3076 otium
1229 3034 1415 3075 meum
1443 3017 1497 3074 in
1530 3015 1730 3075 litteris
1756 3013 2016 3092 conloco,
2049 3032 2193 3094 quos

223 3104 316 3164 alii
347 3103 702 3165 otiosissimis
734 3099 1197 3178 occupationibus
1228 3099 1485 3178 perdunt.
1541 3097 1703 3158 Vale.

0 3205 37 3364 V}
133 3285 204 3338 35
1151 3232 1276 3293 vll.

0 3493 7 3616 l

0 3631 55 3710 t..

768 3334 821 3385 C.
856 3333 1102 3386 PLINIUS
1139 3332 1404 3385 ROMANO
1439 3332 1556 3385 SUO
1590 3333 1642 3384 S.

310 3439 667 3582 pAedigwe
696 3449 757 3500 te
790 3439 1014 3502 scribis.
1050 3436 1204 3499 Bene
1237 3447 1355 3499 est:
1399 3439 1584 3498 iuveni
1613 3425 2008 3581 patrocitgum
2047 3434 2197 3496 aedi·
2217 3444 2246 3494 1

355 3543 456 3581 um
538 3544 587 3582 Ρ.
