2467 3850
331 171 414 236 28
1165 174 1229 236 C.
1274 173 1463 236 PLINI

1252 325 1377 388 Vll.

865 424 917 474 G.
954 424 1201 477 PLINIUS
1234 423 1520 476 MACRINO
1555 422 1675 474 SUO
1711 423 1765 477 S.

277 554 306 604 1
447 540 599 604 Here
627 561 660 603 a
687 551 883 604 senatu
908 542 1193 604 Vestricio
1222 545 1533 624 Spurinnae
1563 546 1818 623 principe
1846 553 2078 603 auctore
2095 545 2302 612 Jrium-

323 624 504 704 phalis
539 637 720 687 statua
759 626 989 688 decreta
1028 637 1152 704 est,
1200 646 1313 689 non
1350 631 1426 688 ita
1469 639 1528 688 ut
1568 626 1754 688 multis
1790 629 1883 704 qui
1924 646 2217 707 numquam
2246 631 2301 688 in

322 712 447 770 acie
487 719 794 788 steterunt,
836 729 1131 790 numquam
1178 721 1360 773 castra
1401 712 1690 788 viderunt,
1736 729 2031 789 numquam
2059 712 2300 791 denique
2319 727 2357 780 5

322 794 577 853 tubarum
606 813 802 856 sonum
832 796 940 856 nisi
971 797 1026 854 in
1055 795 1399 874 spectaculis
1428 796 1739 873 audierunt,
1774 813 1970 854 verum
1989 805 2047 855 ut
2070 794 2182 855 illis
2207 798 2302 875 qui

272 875 499 939 2decus
526 878 678 938 istud
706 877 914 938 sudore
945 888 1002 938 et
1029 882 1298 956 sanguine
1330 889 1389 939 et
1425 878 1588 939 factis
1629 879 2097 956 adsequebantur.
2160 878 2301 939 Nam

321 960 595 1038 Spurinna
623 962 953 1022 Bructerum
974 980 1173 1038 regem
1194 961 1256 1022 vi‘
1274 972 1332 1022 et
1353 962 1516 1023 armis
1540 961 1752 1022 induxit
1774 964 1829 1020 in
1852 981 2086 1038 regnum
2110 973 2298 1023 osten·

316 1052 548 1122 tatoque
589 1044 745 1105 bello
780 1045 1188 1106 ferocissimam
1228 1055 1491 1124 gentem,
1545 1045 1696 1124 quod
1736 1056 1824 1105 est
1864 1045 2299 1124 pulcherrimum

268 1129 587 1191 3victoriae
628 1147 847 1206 genus,
888 1139 1107 1189 terrore
1148 1130 1482 1209 perdomuit.
1547 1128 1622 1190 Et
1664 1128 1777 1189 hoe
1819 1128 2042 1206 quidem
2075 1132 2294 1191 virtutis
2313 1149 2389 1202 10

317 1214 643 1289 praemium,
672 1211 810 1271 illud
841 1212 1112 1274 solacium
1140 1213 1354 1274 doloris
1386 1215 1643 1290 accepit,
1681 1211 1832 1291 quod
1864 1211 1977 1272 filio
2007 1214 2127 1274 eius
2162 1212 2296 1274 Cot·

315 1297 418 1371 tio,
448 1313 615 1373 quem
638 1298 819 1357 amisit
848 1296 1055 1358 absens
1074 1343 1092 1375 ,
1132 1295 1353 1357 habitus
1382 1306 1471 1357 est
1499 1296 1681 1356 honor
1709 1305 1942 1356 statuae.
2007 1295 2212 1356 Rarum
2238 1297 2295 1357 id

315 1380 369 1437 in
401 1379 632 1440 iuvene:
672 1380 776 1440 sed
803 1391 966 1459 pater
993 1381 1105 1440 hoc
1135 1398 1362 1459 quoque
1392 1381 1733 1456 merebatur,
1766 1382 1923 1440 cuius
1962 1383 2293 1457 gravissimo

268 1460 533 1525 4vulneri
560 1482 761 1541 magno
788 1463 977 1543 aliquo
1005 1463 1255 1524 fomento
1294 1463 1627 1524 medendum
1656 1463 1777 1522 fuit.
1833 1461 2130 1524 Praeterea
2158 1462 2293 1524 Got-

315 1547 424 1605 tius
451 1547 578 1625 ipse
608 1556 716 1606 tam
747 1547 957 1608 clarum
985 1549 1279 1626 specimen
1305 1547 1509 1609 indolis
1542 1546 1771 1607 dederat
1792 1556 1852 1607 ut
1880 1549 1994 1607 vita
2020 1550 2142 1608 eius
2166 1547 2293 1608 bre·
2311 1563 2380 1614 15

314 1630 401 1688 vis
433 1638 492 1689 et
532 1641 766 1708 angusta
798 1631 1055 1692 debuerit
1084 1631 1190 1692 hac
1220 1631 1378 1692 velut
1410 1629 1801 1691 inmortalitate
1832 1630 2091 1710 proferri.
2152 1629 2293 1691 Nam

314 1722 461 1772 tanta
488 1715 541 1772 ei
578 1716 879 1791 sanctitas,
911 1717 1189 1794 gravitas,
1239 1718 1539 1776 auctoritas
1571 1716 1768 1791 etiam,
1801 1724 1859 1774 ut
1891 1725 2090 1793 posset
2122 1734 2291 1776 senes

314 1794 444 1857 illos
485 1810 801 1876 provocare
840 1802 1084 1877 virtute,
1130 1800 1334 1879 quibus
1374 1818 1522 1859 nunc
1562 1799 1776 1858 honore
1808 1798 2148 1877 adaequatus
2179 1809 2288 1859 est.

261 1891 294 1943 5
314 1878 439 1953 Quo
470 1881 695 1961 quidem
723 1882 973 1961 honore,
1009 1894 1273 1964 quantum
1303 1902 1415 1962 ego
1445 1886 1817 1961 interpretor,
1854 1900 1966 1943 non
1995 1882 2160 1943 modo
2191 1883 2288 1943 de-

309 1964 486 2025 functi
525 1969 859 2045 memoriae,
902 1967 1081 2028 dolori
1110 1971 1305 2046 patriS,
1335 1985 1531 2027 verum
1560 1967 1726 2025 etiam
1756 1966 2020 2043 exemplo
2050 1983 2379 2046 prospe-20

311 2057 459 2108 ctum
491 2060 597 2109 est.
658 2051 885 2111 Acuent
923 2052 991 2111 ad
1038 2052 1212 2111 bonas
1257 2060 1407 2110 artes
1454 2052 1798 2110 iuventutem
1830 2050 2287 2111 adulescentibus

309 2150 557 2211 quoque,
591 2133 743 2212 digni
765 2137 875 2195 sint
902 2134 1091 2209 modo,
1122 2143 1272 2194 tanta
1293 2135 1537 2209 praemia
1562 2135 1882 2210 constituta,
1912 2144 2115 2194 acuent
2137 2136 2288 2212 prin-

310 2217 468 2294 cipes
497 2220 649 2277 viros
683 2217 752 2277 ad
781 2218 994 2278 liberos
1037 2214 1430 2294 suscipiendos
1470 2225 1529 2275 et
1558 2216 1757 2293 gaudia
1786 2236 1859 2276 ex
1887 2218 2287 2296 superstitibus

261 2308 368 2370 fiet
396 2318 470 2359 ex
509 2303 725 2360 amissis
765 2309 875 2359 tam
910 2300 1159 2376 gloriosa
1191 2297 1417 2358 solacia.
1481 2299 1583 2360 His
1616 2318 1691 2359 ex
1724 2303 1909 2361 causis
1940 2310 2120 2361 statua
2148 2299 2286 2361 Got-

306 2385 347 2441 ti
378 2383 607 2461 publice
631 2384 846 2460 laetor,
890 2402 999 2443 nec
1039 2384 1294 2460 privatim
1321 2384 1520 2444 minus.
1587 2382 1782 2443 Amavi
1814 2386 2284 2445 consummatissi-
2299 2403 2369 2456 25

305 2484 450 2525 mum
489 2470 747 2527 iuvenem
792 2476 901 2525 tam
941 2465 1234 2543 ardenter,
1292 2484 1455 2544 quam
1494 2486 1642 2528 nunc
1673 2470 2008 2546 inpatienter
2033 2472 2281 2547 requiro.

302 2548 424 2610 Erit
454 2568 594 2628 ergo
625 2559 947 2629 pergratum
976 2549 1105 2608 mihi
1144 2549 1288 2609 hanc
1330 2550 1578 2627 effigiem
1622 2553 1744 2611 eius
1789 2552 2025 2613 subinde
2054 2554 2281 2630 intueri,

304 2634 539 2694 subinde
558 2635 876 2711 respicere,
908 2634 1012 2693 sub
1036 2632 1142 2694 hac
1166 2636 1502 2712 consistere,
1529 2644 1755 2713 praeter
1775 2634 1917 2695 hanc
1944 2654 2279 2696 commeare.

253 2725 284 2780 7
301 2715 522 2777 Etenim
548 2719 597 2777 si
626 2716 1014 2776 defunctorum
1041 2718 1309 2794 imagines
1340 2716 1486 2778 domi
1508 2720 1726 2797 positae
1753 2717 2007 2784 dolorem
2028 2730 2283 2781 nostrum

302 2800 510 2876 levant,
542 2808 744 2878 quanto
772 2803 948 2877 magis
978 2801 1083 2860 hae
1114 2802 1315 2879 quibus
1341 2803 1396 2861 in
1421 2800 1793 2862 celeberrimo
1814 2801 1946 2862 loco
1970 2821 2082 2863 non
2108 2803 2281 2888 modo
2295 2826 2365 2881 30

300 2885 532 3026 {fides
574 2892 633 2943 et
675 2881 862 2944 vultus
901 2884 1122 2945 illorum
1149 2886 1252 2946 sed
1281 2886 1464 2945 honor
1496 2887 1660 2946 etiam
1689 2893 1747 2946 et
1778 2885 1961 2964 gloria
1989 2885 2280 2949 refertur?

350 2985 380 3025 a
406 2986 455 3027 e.

1207 3051 1361 3112 VIII.
1399 3046 1516 3068 ’⁸'

846 3149 899 3205 c,
935 3139 1183 3202 Pmes'
1221 3149 1477 3201 οΑΝιΝῙο
1511 3148 1630 3201 suo
1663 3150 1718 3201 S.

250 3258 276 3308 1
419 3248 625 3311 Studes
665 3268 732 3310 an
772 3253 1010 3329 piscaris
1053 3271 1123 3311 an
1162 3254 1385 3312 venaris
1430 3271 1499 3313 an
1541 3253 1702 3314 simul
1746 3252 1967 3315 omnia?
2027 3255 2357 3321 Possunt35
2455 3305 2456 3308 ,

297 3333 442 3391 enim
474 3336 652 3394 omnia
678 3334 840 3395 simul
872 3336 993 3395 fieri
1022 3335 1090 3394 ad
1113 3334 1328 3394 Larium
1358 3347 1624 3396 nostrum.
1669 3337 1808 3398 Nam
1836 3338 1994 3400 lacus
2026 3342 2273 3418 piscem,

294 3413 443 3477 feras
472 3416 646 3478 silvae
676 3420 877 3498 quibus
907 3418 1064 3479 lacus
1101 3420 1371 3495 cingitur.
1402 3421 1581 3481 studia
1607 3420 1907 3483 altissimus
1928 3424 2035 3484 iste
2071 3443 2273 3506 seces·
2331 3415 2336 3420 ’
