2467 3850
763 177 1283 240 EPISTULARUM
1309 177 1434 239 VII.
1477 193 1526 242 5.
1559 191 1611 244 6.
2062 180 2182 245 135

192 333 404 393 iudicio
444 331 675 410 loquor;
720 335 847 411 qui,
893 335 1016 393 sive
1053 330 1301 392 iudicant
1334 333 1456 392 sive
1491 342 1710 410 errant,
1753 352 1845 394 me
1882 332 2178 393 delectant.

192 417 377 561 &gam
407 432 649 560 gzegm,
692 426 753 475 ut
791 418 1009 496 posteri
1048 434 1276 494 quoque
1306 425 1400 476 aut
1429 428 1620 477 errent
1647 418 1896 479 similiter
1922 427 2016 476 aut
2045 418 2181 477 iudi-

1153 634 1223 694 V.

664 733 718 784 C.
756 733 1004 785 PLINIUS
1042 732 1446 785 CALPURNIAE
1477 732 1642 786 SUAE
1671 734 1722 785 S.

317 834 659 897 Incredibile
684 846 774 897 est
813 846 1019 915 quanto
1051 835 1335 897 desiderio
1366 839 1443 897 tui
1478 847 1692 900 tenear.
1736 837 1800 899 In
1823 857 1992 902 cansa
2020 860 2174 901 amor
2192 859 2219 908 1

192 923 466 1001 primum.
528 920 731 981 deinde
783 920 935 999 quod
980 937 1093 980 non
1147 924 1541 982 consuevimus
1598 923 1822 984 abesse.
1896 925 2032 985 Inde
2091 938 2180 987 est

194 1005 348 1084 quod
378 1021 631 1082 magnam
649 1007 895 1065 noctium
919 1013 1133 1084 partem
1154 1006 1210 1064 in
1233 1007 1471 1084 imagine
1509 1016 1604 1067 tua
1630 1008 1769 1085 vigil
1807 1011 1977 1087 exigo
1995 1054 2013 1085 ‚
2051 1009 2180 1070 inde

112 1101 179 1153 lo
192 1088 349 1169 quod
376 1089 612 1148 interdiu
648 1089 851 1166 quibus
880 1090 1035 1149 horis
1074 1097 1132 1148 te
1160 1090 1350 1148 visere
1379 1090 1632 1152 solebam
1658 1091 1728 1151 ad
1760 1092 1997 1152 diaetam
2033 1101 2180 1154 tuam

193 1174 304 1253 ipsi
334 1189 443 1248 me,
463 1182 536 1231 ¹ut
564 1174 859 1233 verissime
884 1172 1119 1249 dicitur,
1154 1172 1335 1250 pedes
1364 1173 1600 1249 ducunt,
1639 1176 1789 1253 quod
1817 1176 2058 1256 denique
2086 1196 2179 1237 ae-

193 1276 301 1335 ger
324 1265 382 1315 et
409 1265 652 1317 maestus
682 1275 750 1316 ac
774 1258 967 1318 similis
991 1255 1229 1316 excluso
1260 1275 1292 1316 a
1312 1275 1493 1318 vacuo
1517 1258 1705 1319 limine
1732 1259 1960 1320 recedo.
2003 1260 2181 1322 Unum

192 1351 417 1419 tempus
440 1341 526 1399 his
563 1343 853 1401 tormentis
888 1350 1074 1417 caret,
1111 1357 1223 1417 quo
1252 1344 1308 1401 in
1335 1340 1460 1402 foro
1483 1346 1786 1404 amicorum
1819 1344 2007 1405 litibus
2045 1361 2180 1405 con-

194 1434 366 1485 teror.
427 1424 677 1485 Aestima
706 1434 766 1485 tu
794 1444 939 1503 quae
965 1428 1077 1486 vita
1099 1442 1223 1484 mea
1252 1428 1358 1503 sit,
1402 1428 1495 1486 cui
1530 1429 1759 1506 requies
1787 1430 1842 1487 in
1871 1427 2087 1505 labore,
2118 1430 2175 1489 in
2192 1440 2225 1491 2

115 1517 179 1569 15
193 1510 418 1572 miseria
447 1510 712 1587 curisque
734 1509 1022 1570 solacium.
1085 1506 1253 1594 Vale.

1169 1640 1213 1702 1.

745 1741 801 1791 G.
833 1741 1082 1793 PLINIUS
1117 1644 1409 1794 {ACRINO
1445 1740 1565 1791 SUO
1596 1740 1649 1791 S.

319 1839 465 1899 Rara
494 1848 552 1899 et
578 1839 839 1899 notabilis
867 1858 962 1899 res
989 1840 1214 1901 Vareno
1244 1840 1500 1917 contigit,
1528 1841 1603 1899 sit
1622 1838 1757 1902 licet
1781 1840 1960 1900 adhuc
1990 1841 2171 1903 dubia.
2195 1855 2223 1905 1

110 1935 180 1986 20
198 1925 418 1999 Bithyni
450 1926 865 1984 accusationem
898 1926 1019 1986 eius
1062 1935 1126 1985 ut
1169 1935 1385 1985 temere
1429 1924 1740 1984 inchoatam
1769 1927 2026 1985 omisisse
2055 1944 2177 1985 nar·

194 2017 400 2068 rantur.
465 2007 768 2067 Narrantur
809 2007 978 2068 dico?
1028 2009 1187 2070 adest
1214 2010 1538 2087 provinciae
1577 2008 1828 2085 legatus,
1872 2009 2053 2069 attulit
2081 2009 2178 2068 de-

198 2103 412 2152 cretum
442 2091 667 2152 concilii
694 2091 762 2150 ad
793 2090 1113 2171 Caesarem,
1146 2093 1326 2153 attulit
1353 2091 1425 2152 ad
1447 2091 1652 2152 multos
1681 2094 1967 2170 principes
1997 2095 2172 2167 virm,

194 2175 378 2236 attulit
401 2178 564 2234 etiam
589 2176 657 2235 ad
689 2193 815 2252 nos,
847 2174 1050 2237 Vareni
1079 2176 1401 2237 advocatos.
1445 2175 1664 2236 Perstat
1689 2184 1873 2236 tamen
1900 2175 2047 2236 idem
2075 2176 2224 2239 ille2

194 2259 461 2336 Magnus;
496 2261 627 2338 quin
660 2262 824 2319 etiam
845 2259 1166 2339 Nigrinum,
1200 2262 1471 2339 optimum
1492 2263 1699 2334 virum,
1737 2262 2178 2338 pertinacissime

139 683 175 733 5

11 2394 12 2409 ,
66 2358 71 2362 ·
111 2349 178 2401 25
197 2352 447 2404 exercet.
484 2343 593 2402 Per
616 2343 764 2402 hunc
792 2362 824 2404 a
855 2345 1179 2405 consulibus
1202 2344 1520 2424 postulabat
1547 2354 1608 2403 ut
1633 2343 1886 2404 Varenus
1911 2344 2178 2404 exhibere

192 2429 439 2504 rationes
484 2438 804 2505 cogeretur.
863 2429 1221 2488 Adsistebam
1250 2428 1471 2488 Vareno
1504 2430 1611 2489 iam
1640 2437 1849 2488 tantum
1882 2431 2224 2490 utamicus3

195 2519 255 2570 et
284 2521 475 2571 tacere
507 2511 894 2571 decreveram.
951 2511 1101 2572 Nihil
1132 2515 1278 2572 enim
1307 2522 1417 2571 tam
1446 2514 1779 2571 contrarium
1808 2529 1968 2589 quam
2001 2515 2049 2570 si
2084 2511 2178 2571 ad-

194 2603 431 2654 vocatus
465 2613 497 2654 a
532 2604 727 2654 senatu
757 2596 918 2655 datus
958 2595 1322 2656 defenderem
1351 2605 1409 2655 ut
1439 2613 1597 2654 reum
1628 2597 1717 2654 cui
1749 2612 1894 2674 opus
1923 2604 2076 2653 esset
2104 2613 2177 2653 ne

194 2696 328 2739 reus
357 2677 659 2740 videretur.
708 2676 846 2738 Cum
880 2688 1062 2738 tamen
1092 2680 1240 2740 linita
1273 2679 1650 2757 postulatione
1672 2676 1887 2754 Nigrini
1911 2676 2225 2739 consules4

111 2762 267 2828 30ad
290 2780 380 2820 me
409 2761 607 2822 oculos
635 2762 988 2840 retulissent,
1034 2766 1276 2823 ‘scietis’
1321 2766 1539 2839 inquam
1572 2767 1855 2820 ‘constare
1900 2760 2060 2818 nobis
2105 2762 2177 2818 si·

198 2845 352 2905 lentii
380 2848 556 2905 nostri
586 2847 877 2923 rationem,
908 2865 1034 2905 cum
1066 2864 1235 2906 veros
1259 2845 1479 2922 legatos
1501 2844 1823 2922 provinciae
1845 2841 2176 2902 audieritis!

198 2928 408 2988 Contra
450 2928 715 3006 Nigrinus
748 2930 843 2989 ‘ad
876 2947 1043 3007 quem
1072 2932 1227 2989 missi
1274 2925 1475 2987 sunt‘?’
1514 2926 1641 3003 Ego
1671 2926 1761 2985 ‘ad
1791 2943 1881 2985 me
1917 2942 2176 3004 quoque;

195 3012 384 3072 habeo
424 3012 715 3073 decretum
756 3016 1122 3090 provinciae?
1168 3013 1385 3071 Rursus
1418 3011 1514 3070 ille
1538 3016 1753 3089 ‘potest
1782 3011 1881 3069 tibi
1908 3009 2222 3088 liquere.²5

197 3094 288 3155 Ad
314 3097 425 3155 hoc
454 3114 566 3174 ego
597 3099 670 3155 ‘si
701 3098 800 3157 tibi
832 3116 905 3157 ex
934 3096 1159 3157 diverso
1194 3096 1402 3173 liquet,
1436 3102 1629 3173 potest
1661 3102 1720 3152 et
1748 3093 1880 3152 mihi
1911 3094 2061 3171 quod
2092 3103 2181 3154 est

114 3189 181 3243 35
201 3178 400 3239 melius
437 3180 700 3257 liquere!
758 3180 896 3240 Tum
925 3181 1145 3258 legatus
1173 3178 1488 3253 Polyaenus
1522 3195 1716 3237 causas
1743 3176 1986 3237 abolitae
2014 3188 2224 3240 acon-6

199 3265 428 3323 sationis
473 3266 736 3343 exposuit
776 3264 1193 3343 postulavitque
1251 3281 1323 3322 ne
1364 3262 1669 3339 cognitioni
1721 3260 1978 3322 Caesaris
2019 3280 2175 3340 prae·

200 3348 464 3407 iudicium
494 3348 674 3409 fieret.
713 3348 1027 3427 Respondit
1053 3347 1288 3424 Magnus
1320 3349 1632 3422 iterumque
1660 3345 1995 3420 Polyaenus.
2046 3345 2177 3421 Ipse

198 3449 323 3491 raro
353 3440 411 3490 et
445 3432 693 3492 breviter
720 3430 1116 3510 interlocutus,
1149 3430 1377 3490 multum
1411 3449 1501 3489 me
1537 3433 1675 3489 intra
1704 3430 1981 3490 silentium
2004 3428 2175 3489 tenui.
