2467 3850
358 178 404 241 4
518 222 525 234 ·
982 167 990 173 ’
1199 176 1266 238 C.
1309 175 1502 238 PLINI

358 329 587 391 territus
618 326 987 407 adprehendit
1020 325 1329 389 Caecilium
1361 327 1645 406 Celerem,
1679 346 1811 389 mox
1837 328 2066 389 Fabium
2095 326 2327 408 Iustum,

356 421 521 513 rogat
549 422 609 474 ut
636 431 727 471 me
757 413 864 472 sibi
886 413 1276 475 reconciliant.
1317 413 1443 474 Nec
1469 422 1786 490 contentae,
1821 416 2077 491 pervenit
2096 413 2164 472 ad
2187 414 2327 493 Spu-

357 499 598 556 rinnam:
626 496 760 557 huic
784 496 1119 576 suppliciter
1191 508 1254 558 ut
1284 507 1373 558 est
1396 517 1522 558 cum
1539 499 1698 558 timet
1729 498 2140 558 abiectissimus
2158 542 2176 575 ,
2215 503 2328 556 ‘ro-

357 586 459 659 go'
492 582 669 659 inquit
708 585 891 640 ‘mane
917 579 1111 641 videas
1132 517 1373 641 ²Plinium
1401 582 1571 659 domi,
1602 579 1706 641 sed
1734 581 1901 660 plane
1921 599 2083 641 mane
2113 581 2326 660 (neque

357 666 505 725 enim
531 663 734 724 diutius
764 666 915 725 ferre
943 664 1375 726 sollicitudinem
1394 666 1677 745 possum),
1706 674 1765 725 et
1797 682 2022 743 quoquo
2043 665 2211 726 modo
2241 666 2374 726 ef·5

316 749 520 811 9ficias
564 767 635 808 ne
673 748 805 808 mihi
843 751 1157 808 irascatur'.
1214 749 1656 827 Evigilaveram:
1690 751 1913 809 nuntius
1953 768 1984 807 a
2025 749 2348 828 Spurinnat.

359 835 550 893 ‘venio
590 830 659 892 ad
698 839 801 892 te'.
848 830 1044 891 ‘Immo
1088 850 1200 910 ego
1237 832 1307 893 ad
1340 840 1442 894 te'.
1511 832 1737 895 Coimus
1769 836 1826 892 in
1866 835 2084 912 porticu
2118 832 2328 911 Liviae,

359 934 487 976 cum
525 916 669 976 alter
704 916 780 976 ad
818 915 1051 976 alterum
1088 917 1468 979 tenderemus.
1526 917 1774 997 Exponit
1809 916 2016 994 Reguli
2056 916 2327 993 mandata,

356 999 506 1059 addit
534 1018 740 1079 preces
768 1018 918 1076 suas,
952 1009 1012 1060 ut
1040 1000 1281 1061 decebat
1314 1005 1579 1081 optimum
1605 1004 1782 1060 virum
1806 1018 1910 1080 pro
1941 1000 2329 1077 dissimillimo,

274 1097 343 1147 10
355 1101 546 1162 parce.
602 1081 708 1143 Cui
737 1101 848 1161 ego
876 1083 1171 1162 ‘dispicies
1199 1088 1324 1166 ipse
1357 1087 1491 1167 quid
1530 1083 1949 1146 renuntiandum
1974 1083 2200 1160 Regulo
2228 1103 2333 1164 pu·
2350 1095 2416 1147 10

354 1177 473 1228 tes:
507 1175 567 1228 te
596 1167 783 1247 decipi
813 1187 846 1228 a
873 1186 961 1228 me
992 1187 1103 1228 non
1126 1179 1369 1248 oportet.
1414 1169 1675 1249 Expecto
1703 1168 2033 1228 Mauricum'
2059 1168 2336 1247 (nondum

350 1252 424 1311 ab
454 1252 625 1311 exilio
653 1254 942 1330 venerat).
929 1271 943 1285 ·
979 1253 1132 1314 ‘ideo
1160 1253 1294 1313 nihil
1323 1253 1644 1314 alterutram
1663 1255 1719 1313 in
1747 1262 1961 1332 partem
1981 1252 2334 1331 respondere

351 1336 453 1395 tibi
482 1352 736 1414 possum,
766 1335 1012 1395 facturus
1043 1338 1308 1417 quidquid
1337 1338 1435 1398 ille
1463 1337 1810 1405 decreverit;
1845 1335 1999 1396 illum
2028 1339 2173 1396 enim
2196 1355 2334 1397 esse

271 1432 337 1485 11
351 1419 515 1479 huius
548 1419 768 1479 consilii
814 1420 1048 1498 ducem,
1103 1440 1193 1482 me
1225 1425 1489 1482 comitem
1520 1421 1733 1482 decet'.
1799 1420 2018 1481 Paucos
2046 1430 2178 1500 post
2210 1420 2334 1480 dies

350 1506 479 1583 ipse
508 1522 597 1563 me
625 1502 881 1580 Regulus
927 1508 1191 1565 convenit
1224 1508 1282 1564 in
1309 1507 1591 1586 praetoris
1622 1504 1843 1564 officio·
1891 1504 2027 1564 illuc
2058 1509 2414 1583 persecu-15

350 1598 443 1647 tus
473 1596 756 1647 secretum
795 1591 966 1667 petit.
1005 1591 1083 1648 ait
1121 1593 1322 1649 timere
1357 1607 1422 1650 se
1455 1609 1527 1649 ne
1564 1591 1746 1649 animo
1785 1606 1913 1648 meo
1945 1592 2168 1669 penitus
2194 1588 2332 1651 hae·

350 1680 506 1730 reret
534 1671 728 1750 quod
709 1690 766 1730 ιιι
796 1672 1175 1732 centumvirali
1203 1674 1410 1734 iudicio
1440 1672 1735 1752 aliquando
1775 1673 2044 1751 dixisset,
2086 1691 2213 1732 cum
2238 1690 2333 1731 re-

351 1754 660 1833 sponderet
685 1756 817 1815 mihi
849 1766 907 1816 et
935 1756 1116 1817 Satrio
1144 1756 1316 1835 Rufo,
1348 1758 1587 1818 ‘Satrius
1609 1756 1809 1834 Rufus,
1847 1760 1936 1817 cui
1959 1774 2072 1817 non
2090 1767 2180 1817 est
2202 1775 2334 1816 cum

354 1837 633 1899 Cicerone
655 1840 971 1916 aemulatio,
1002 1850 1061 1902 et
1089 1844 1184 1920 qui
1207 1852 1505 1903 contentus
1531 1851 1620 1902 est
1646 1840 1967 1920 eloquentia
1992 1840 2207 1902 saeculi
2229 1858 2331 1900 no·

269 1929 336 1981 12
353 1926 498 1984 stri'.
541 1922 834 2005 Respondi
863 1941 1011 1985 nunc
1036 1944 1125 1985 me
1158 1928 1501 2005 intellegere
1529 1926 1769 2003 maligne
1795 1926 2022 2004 dictum,
2053 1928 2185 2004 qnia
2204 1927 2332 2004 ipse
2349 1933 2418 1985 20

353 2009 746 2078 confiteretur;
807 2020 1057 2070 ceterum
1091 2014 1347 2088 potuisse
1391 2010 1761 2070 honorificum
1804 2012 2124 2074 existimari,
2197 2009 2334 2070 ‘Est

351 2095 520 2151 enim’
549 2096 771 2171 inquam
801 2095 954 2153 ‘mihi
981 2111 1109 2153 cum
1141 2092 1422 2154 Cicerone
1449 2094 1767 2172 aemulatio,
1801 2113 1913 2155 nec
1945 2113 2066 2153 sum
2097 2102 2332 2153 conten·
2455 2171 2456 2174 Ἴ

268 2179 335 2234 13
346 2185 439 2236 tus
467 2175 792 2256 eloquentia
821 2176 1034 2237 saeculi
1062 2180 1260 2237 nostri.
1323 2176 1462 2236 Nam
1501 2177 1887 2238 stultissimum
1914 2177 2085 2238 credo
2113 2177 2183 2238 ad
2209 2180 2330 2238 imi·
2455 2181 2456 2258 l

348 2260 573 2320 tandum
599 2279 711 2321 non
740 2263 948 2339 optima
975 2277 1233 2339 quaeque
1267 2278 1607 2339 proponere.
1662 2263 1779 2323 Sed
1801 2273 1895 2339 tu,
1926 2264 2021 2341 qui
2051 2262 2214 2321 huius
2245 2263 2330 2322 iu-

349 2343 481 2404 dicii
522 2347 856 2421 meministi,
910 2362 1010 2404 cur
1041 2343 1190 2404 illius
1233 2344 1441 2405 oblitus
1486 2365 1552 2406 es
1591 2348 1648 2405 in
1688 2364 1801 2425 quo
1844 2365 1934 2406 me
1971 2349 2332 2423 interrogasti
2350 2356 2418 2409 25

348 2427 483 2507 quid
514 2429 585 2489 de
619 2427 758 2489 Meti
788 2427 1032 2487 Modesti
1054 2430 1264 2507 pietate
1288 2427 1627 2490 sentirem‘P
1670 2429 1958 2511 Expalluit
1985 2430 2338 2508 notabiliter,

348 2515 602 2591 quamvis
631 2511 842 2589 palleat
870 2529 1119 2590 semper,
1154 2520 1213 2572 et
1241 2512 1679 2575 haesitabundus
1710 2516 2094 2592 ‘interrogavi,
2127 2532 2240 2574 non
2270 2524 2336 2574 ut

356 2595 459 2657 tibi
490 2614 778 2671 nocerem,
808 2595 912 2655 sed
942 2603 1003 2654 ut
1029 2593 1338 2657 Modesto?
1376 2598 1517 2659 Vide
1537 2599 1773 2658 hominis
1798 2598 2203 2675 crudelitatem,
2237 2602 2339 2677 qui

268 2688 335 2741 14
360 2700 426 2741 se
467 2696 579 2739 non
608 2678 919 2738 dissimulet
959 2679 1109 2739 exuli
1148 2698 1359 2742 nocere
1385 2683 1657 2743 voluisse.
1722 2683 2014 2743 Subiunxit
2041 2685 2340 2760 egregiam

350 2782 603 2825 causam·
638 2764 913 2861 ‘scripsit’
938 2765 1111 2842 inquit
1139 2766 1218 2824 ‘in
1239 2766 1482 2844 epistula
1507 2766 1760 2845 quadam,
1792 2785 1937 2845 quae
1964 2767 2111 2847 apud
2136 2766 2338 2828 Domi·
2354 2780 2426 2833 30

350 2850 558 2908 tianum
600 2848 835 2907 recitata
880 2856 1005 2924 est,
1061 2847 1378 2929 ‘Regulus,
1440 2854 1684 2911 omnium
1732 2852 1999 2931 bipedum
2041 2853 2337 2928 nequissi-

265 2942 330 2992 15
349 2934 523 2990 mus”
537 2931 754 3009 ;quod
781 2931 1006 3008 quidem
1035 2930 1328 2995 Modestus
1352 2938 1651 2997 verissime
1681 2938 2009 3014 scripserat.
2059 2934 2166 2994 Hic
2202 2935 2337 2996 fere

345 3014 513 3075 nobis
543 3017 818 3075 sermonis
839 3018 1125 3079 terminus.
1168 3017 1372 3098 Neque
1403 3023 1550 3079 enim
1582 3019 1737 3079 volui
1771 3020 2041 3099 progredi
2071 3018 2335 3096 longina,

345 3108 408 3158 ut
437 3097 573 3157 mihi
605 3101 787 3162 omnia
812 3098 991 3161 libera
1021 3119 1339 3182 servarem,
1369 3104 1500 3164 dum
1527 3102 1809 3164 Mauricus
1835 3106 2013 3164 venit.
2080 3102 2205 3163 Nec
2234 3120 2336 3164 me

345 3185 618 3261 praeterit
660 3202 793 3246 esse
829 3184 1112 3264 Regulum
1145 3184 1700 3266 δυςκαθαίρετοντ
1739 3197 1830 3249 est
1871 3189 2021 3248 enim
2055 3186 2333 3265 locuples
2353 3199 2432 3252 35

346 3267 654 3345 factiosus,
692 3278 914 3330 curatur
945 3288 978 3330 a
1004 3270 1227 3347 multis,
1264 3274 1491 3331 timetur
1522 3290 1554 3331 a
1585 3271 1877 3349 pluribus,
1906 3272 2061 3350 quod
2082 3272 2337 3351 plerum·

347 3368 461 3428 que
491 3351 694 3414 fortius
726 3372 916 3415 amore
944 3364 1053 3415 est.
1094 3353 1292 3415 Potest
1320 3365 1502 3415 tamen
1533 3356 1652 3415 lieri
1683 3365 1745 3415 ut
1766 3356 1909 3418 haec
1935 3373 2217 3417 concussa
2245 3355 2332 3417 la-

266 3443 331 3498 16
348 3435 563 3497 bantur.
607 3435 745 3499 Nam
770 3440 951 3519 gratia
976 3438 1250 3499 malorum
1277 3448 1386 3499 tam
1415 3439 1579 3500 infida
1612 3449 1702 3502 est
1730 3458 1894 3519 quam
1920 3442 2054 3519 ipsi.
2091 3440 2334 3520 Verum,

572 3609 609 3640 ‘
