2467 3850
96 1762 165 1809 χ.

291 192 413 258 176
1125 191 1192 253 C.
1237 190 1431 253 PLINI
2435 234 2467 249 ..

287 347 607 424 stringebat·
652 346 987 424 plerumque
1030 344 1250 424 frigidis
1303 346 1550 423 negotiis
1567 390 1586 421 ,
1641 361 1787 422 quae
1828 341 1992 405 simul
2037 352 2096 405 et
2147 363 2287 406 avo·

232 438 266 490 2
290 440 417 491 cant
445 433 682 490 animum
712 438 771 490 et
799 431 1194 490 comminuunt.
1237 428 1539 490 Praeterea
1563 447 1673 489 nec
1699 427 1930 491 materia
1951 428 2112 507 plura
2141 434 2285 490 scri-

287 515 456 576 bendi
502 513 752 574 dabatur.
814 512 1018 592 Neque
1063 515 1211 573 enim
1258 512 1456 573 eadem
1494 522 1685 574 nostra
1726 512 1874 573 cond
1918 513 1972 572 io
2016 530 2161 590 quae
2201 511 2283 575 M.

286 597 469 675 Tulli,
513 597 581 658 ad
617 600 776 661 cuius
808 595 1127 676 exemplum
1156 615 1264 658 nos
1302 615 1496 659 vocas.
1559 596 1650 657 Illi
1684 599 1834 656 enim
1949 597 2284 676 copiosissi-

284 700 433 742 mum
473 683 754 759 ingenium
796 689 854 742 et
888 682 1115 759 ingenio
1160 699 1268 759 qua
1311 683 1551 743 varietas
1590 698 1779 740 rerum
1818 697 1927 760 qua
1953 681 2282 757 magnitudo
2302 697 2340 749 5

230 770 266 824 3
285 767 600 844 largissime
635 766 994 844 suppetebat.
1047 764 1169 826 Nos
1200 783 1365 843 quam
1393 766 1645 842 angustis
1676 766 1924 824 terminis
1957 763 2285 828 claudamur

288 851 452 910 etiam
490 838 716 910 tacente
756 867 848 909 me
894 851 1211 928 perspicis,
1260 851 1368 909 nisi
1407 848 1554 908 forte
1599 848 1859 909 volumus
1901 847 2279 909 scholasticas

231 935 386 997 aiibi
414 933 618 1012 adque,
649 943 709 993 ut
736 936 810 994 ita
840 932 1041 1009 dicam,
1073 933 1409 993 umbraticas
1439 932 1655 993 litteras
1685 935 1922 992 mittere.
1988 930 2107 991 Sed
2137 931 2276 992 nihil

283 1021 463 1079 minus
494 1028 685 1097 aptum
713 1018 1070 1094 arbitramur,
1114 1034 1242 1077 cum
1279 1034 1429 1079 arma
1459 1026 1680 1093 vestra,
1725 1033 1852 1076 cum
1881 1025 2097 1091 castra,
2146 1033 2278 1076 cum
2435 1052 2467 1089 ,-

233 1107 266 1157 5
285 1102 527 1181 denique
559 1119 769 1161 cornua
799 1102 960 1161 tubas
990 1101 1255 1163 sudorem
1277 1101 1573 1181 pulverem
1597 1101 1755 1162 soles
1790 1101 2117 1176 cogitamus.
2163 1099 2275 1159 Ha·
2294 1109 2365 1163 lo

280 1187 410 1263 bes,
443 1196 502 1246 ut
531 1195 703 1266 puto,
734 1188 934 1246 iustam
961 1186 1418 1262 excusationem,
1452 1202 1617 1263 quam
1637 1195 1821 1245 tamen
1850 1183 2044 1244 dubito
2074 1202 2145 1243 an
2172 1184 2275 1244 tibi

278 1270 504 1349 probari
537 1268 726 1329 velim.
789 1268 895 1330 Est
937 1268 1084 1329 enim
1125 1271 1324 1329 summi
1353 1271 1556 1329 amoris
1599 1286 1809 1347 negare
1839 1268 2056 1326 veniam
2088 1267 2273 1327 brevi-

275 1355 387 1495 bsu?
423 1352 684 1432 epistulis
718 1354 1053 1433 amicorum,
1086 1354 1339 1432 quamvis
1368 1355 1517 1417 scias
1545 1352 1658 1414 illis
1689 1362 1949 1413 constare
1977 1352 2269 1412 rationem.

328 1455 359 1496 a
385 1455 434 1495 e.

2429 596 2467 617 ἢι

1229 1565 1328 1626 111.
2289 1575 2354 1626 15
2432 1560 2448 1567 “

828 1665 881 1718 c.
918 1665 1165 1721 numus
1196 1666 1477 1718 PAULmo
1511 1666 1632 1718 sno
1666 1667 1719 1721 S.
2453 1620 2467 1656 Δ

229 1781 257 1833 1
403 1766 565 1827 Alius
607 1767 790 1845 aliud,
829 1785 941 1846 ego
978 1770 1362 1830 beatissimum
1400 1769 1661 1829 existimo
1699 1770 1796 1848 qui
1838 1770 2021 1830 bonae
2047 1786 2267 1830 mansu·

278 1871 489 1932 raeque
527 1852 705 1912 famae
746 1856 1205 1933 praesumptione
1235 1852 1543 1933 perfruitur
1581 1863 1887 1936 certusque
1917 1854 2266 1936 posteritatis

279 1957 404 1998 cum
433 1938 614 1998 futura
636 1937 816 2014 gloria
846 1940 1001 1997 vivit.
1047 1937 1139 1997 Ac
1163 1938 1296 1998 mihi
1318 1940 1423 1998 nisi
1446 1939 1749 2019 praemium
1771 1942 2114 2002 aeternitatis
2136 1951 2263 2001 ante

222 2020 514 2098 noculos,
567 2023 777 2099 pingue
819 2020 957 2081 illud
994 2021 1280 2101 altumque
1312 2025 1484 2082 otium
1499 2023 1754 2101 placeat.
1816 2022 2040 2085 Etenim
2068 2028 2350 2084 omnes20
2401 2065 2446 2126 N

275 2104 530 2165 homines
564 2105 804 2164 arbitror
835 2115 1102 2182 oportere
1132 2116 1224 2166 aut
1249 2106 1695 2168 inmortalitatem
1721 2126 1876 2168 suam
1903 2118 2001 2168 aut
2017 2107 2262 2168 mortali·
2445 2129 2446 2134 ¹

275 2196 446 2248 tatem
470 2191 746 2264 cogitare,
780 2196 837 2247 et
861 2187 990 2249 illos
1016 2190 1241 2267 quidem
1264 2191 1609 2252 contendere
1639 2194 1796 2269 eniti,
1828 2191 1936 2251 hos
1965 2194 2265 2271 quiescere

274 2272 483 2330 remitti
513 2289 624 2330 nec
653 2272 887 2334 brevem
912 2275 1081 2332 vitam
1114 2272 1344 2335 caducis
1373 2273 1659 2336 laboribus
1688 2276 1925 2355 fatigare
1942 2322 1959 2353 ,
2003 2287 2064 2336 ut
2093 2275 2262 2335 video
2375 2317 2390 2336 .

274 2353 483 2413 multos
512 2356 713 2413 misera
742 2355 904 2414 simul
947 2366 1004 2416 et
1046 2358 1261 2434 ingrata
1289 2359 1529 2436 imagine
1559 2359 1862 2421 industriae
1894 2360 1964 2420 ad
1991 2359 2263 2420 vilitatem

222 2447 258 2501 3
277 2439 362 2496 sui
394 2439 714 2516 pervenire.
758 2437 915 2498 Haec
945 2449 1057 2517 ego
1080 2450 1302 2516 tecum,
1339 2460 1483 2521 quae
1511 2442 1721 2504 cotidie
1751 2457 1992 2520 mecum,
2025 2452 2084 2503 ut
2111 2442 2258 2503 desi·
2276 2453 2343 2505 25

275 2538 398 2580 nam
421 2538 663 2598 mecum,
699 2524 747 2582 si
779 2523 1082 2586 dissenties
1112 2535 1201 2594 tu3
1233 2544 1563 2605 quamquam
1583 2543 1697 2587 non
1719 2526 2044 2603 dissenties,
2079 2536 2142 2588 ut
2165 2528 2260 2605 qui

271 2622 503 2685 semper
536 2605 746 2666 clarum
770 2606 976 2686 aliquid
1005 2618 1062 2668 et
1091 2609 1387 2672 inmortale
1417 2610 1707 2673 meditere.
1745 2610 1904 2671 Vale.

1192 2741 1321 2803 1111.
1934 2791 1938 2796 ,

808 2843 865 2897 c.
900 2843 1148 2896 anms
1182 2842 1468 2896 MAcRmO
1506 2843 1626 2895 suo
1664 2843 1718 2897 s,
2271 2866 2340 2918 30

217 2953 246 3004 1
385 2941 637 3006 Vererer
677 2963 750 3005 ne
792 2944 1120 3007 inmodicam
1158 2946 1468 3006 orationem
1509 2954 1739 3025 putares
1780 2962 1944 3024 quam
1986 2963 2114 3005 cum
2152 2945 2256 3005 bac

268 3024 512 3101 epistula
549 3031 830 3107 accipies,
887 3031 993 3090 nisi
1035 3037 1197 3090 esset
1225 3030 1455 3106 generis
1492 3031 1615 3090 eius
1659 3039 1720 3089 ut
1757 3047 1934 3108 saepe
1979 3029 2253 3108 incipere,

267 3124 445 3184 saepe
475 3107 739 3170 desinere
765 3111 1038 3173 videatur.
1078 3112 1219 3176 Nam
1242 3113 1480 3191 singulis
1505 3113 1829 3174 criminibus
1856 3112 2112 3191 singulae
2135 3112 2256 3173 vel·
2399 3113 2438 3178 *ε

212 3198 325 3253 2ut
367 3207 569 3251 causae
613 3196 985 3278 continentur.
1051 3196 1270 3256 Poteris
1310 3214 1485 3275 erg0,
1526 3196 1920 3275 undecumque
1964 3197 2251 3276 coeperis,
2435 3205 2442 3214 '

267 3272 605 3352 ubicumque
646 3275 915 3356 desieris,
967 3297 1111 3359 quae
1157 3280 1429 3360 deinceps
1469 3291 1779 3359 sequentur
1817 3290 1876 3342 et
1918 3284 2076 3360 quasi
2116 3282 2333 3342 inci-35

263 3357 476 3435 pientia
501 3355 702 3435 legere
731 3369 790 3420 et
826 3364 982 3439 quasi
1020 3361 1378 3425 cohaerentia
1405 3382 1612 3442 meque
1647 3366 1703 3425 in
1735 3367 2100 3427 universitate
2126 3364 2249 3424 lon·
2327 3437 2336 3442 ‚

264 3440 575 3520 gissimum,
607 3443 991 3505 brevissimum
1020 3448 1075 3504 in
1106 3448 1357 3524 partibus
1379 3449 1642 3508 iudicare.
1701 3448 1861 3509 Vale.
