2467 3850
315 210 401 274 40
1152 209 1216 272 G.
1260 210 1451 272 PLINI

315 363 396 423 dit
419 371 512 422 aut
543 361 768 422 retinet.
810 316 1129 424 Procoeton
1161 363 1291 423 inde
1331 372 1390 423 et
1429 362 1746 423 cubiculum
1774 363 2082 444 porrigitur
2110 362 2167 423 in
2198 381 2297 424 so·

306 446 460 523 lem,
523 463 691 524 quem
736 449 1010 507 orientem
1053 449 1235 508 statim
1277 455 1580 525 exceptum
1618 448 1763 509 ultra
1807 447 2098 506 meridiem
2143 446 2297 507 obli-

230 539 443 591 24011111
485 526 710 607 quidem
754 529 859 589 sed
909 539 1093 590 tamen
1143 540 1355 591 servat.
1424 530 1490 590 In
1528 531 1672 591 hanc
1721 548 1835 608 ego
1881 530 2120 589 diaetam
2160 548 2296 591 cum

310 630 403 672 me
430 610 650 692 recepi,
680 614 886 681 abesse
912 614 1044 672 mihi
1077 615 1244 674 etiam
1271 631 1303 673 a
1333 613 1467 674 villa
1495 632 1619 674 mea
1645 613 1878 692 videor,
1917 631 2294 694 magnamque

312 697 434 756 eius
471 696 819 774 voluptatem
858 697 1167 777 praecipue
1212 696 1595 758 Saturnalibus
1651 699 1850 777 capio,
1901 715 2027 757 cum
2065 697 2348 775 reliqua5

309 798 443 859 pars
474 782 609 840 tecti
638 779 865 840 licentia
894 780 1107 840 dierum
1133 781 1412 859 festisque
1447 781 1783 841 clamoribus
1815 790 2112 860 personat.
2162 798 2295 841 nam

226 873 293 925 25
311 881 420 923 nec
449 866 574 942 ipse
603 881 851 923 meorum
873 864 1088 924 lusibus
1108 883 1218 924 nec
1246 864 1328 923 illi
1351 864 1546 924 studiis
1568 863 1722 925 mei?
1735 843 2294 944 obstrepunt-{Haec

311 947 553 1024 utilitaS,
595 947 738 1007 haec
769 950 1074 1008 amoenitas
1105 948 1362 1010 deficitur
1388 966 1531 1027 aqua
1558 947 1815 1025 salienti,
1850 948 1954 1007 sed
1978 957 2186 1027 puteos
2220 965 2293 1008 ac

308 1032 496 1108 potius
542 1030 728 1090 fontes
769 1031 966 1092 babet:
1017 1041 1146 1091 sunt
1183 1032 1330 1091 enim
1363 1031 1420 1091 111
1450 1048 1684 1092 summo.
1744 1031 1818 1091 Et
1850 1032 2072 1091 omnino
2101 1029 2291 1091 litoris

309 1113 459 1172 illius
481 1114 616 1173 mira
644 1122 864 1174 natura:
889 1133 1246 1193 quocumque
1275 1116 1409 1175 loco
1436 1114 1681 1176 moveris
1712 1115 1958 1192 humum,
1996 1115 2195 1175 obvius
2227 1123 2290 1174 et
2309 1126 2381 1179 10

310 1206 531 1274 paratus
561 1215 722 1256 umor
755 1200 1040 1276 occurrit,
1090 1200 1257 1276 isque
1299 1201 1553 1258 sincerus
1592 1216 1659 1258 ac
1698 1217 1770 1257 ne
1811 1197 2020 1258 leviter
2060 1197 2292 1276 quidem

224 1285 292 1338 26
310 1289 457 1340 tanta
483 1281 647 1339 maris
677 1281 962 1342 vicinitate
993 1293 1311 1361 corruptus.
1371 1283 1692 1359 Suggerunt
1721 1282 1944 1341 adfatim
1975 1279 2128 1359 ligna
2151 1297 2290 1360 pro·

305 1365 488 1423 ximae
521 1363 730 1423 silvae:
762 1375 982 1424 ceteras
1008 1367 1203 1443 copias
1234 1365 1513 1425 Ostiensis
1538 1365 1759 1425 colonia
1778 1365 2069 1425 ministrat.
2112 1364 2290 1442 Frugi

308 1446 534 1525 quidem
564 1447 769 1506 homini
799 1448 1008 1508 suflicit
1037 1451 1202 1508 etiam
1228 1448 1391 1509 vicus
1420 1466 1587 1526 quem
1615 1466 1719 1507 una
1745 1446 1881 1508 villa
1903 1447 2199 1508 discernit:
2229 1451 2287 1508 in

305 1530 420 1590 hoc
442 1530 642 1590 balnea
666 1532 948 1590 meritoria
974 1533 1100 1609 tria,
1129 1550 1326 1609 magna
1350 1532 1734 1609 commoditas,
1764 1532 1812 1589 si
1841 1531 1990 1591 forte
2020 1531 2285 1592 balneum
2307 1541 2376 1593 15

306 1613 456 1673 domi
486 1613 579 1673 vel
612 1614 829 1673 subitus
872 1615 1144 1675 adventus
1174 1616 1270 1676 vel
1309 1617 1538 1675 brevior
1565 1633 1720 1676 mora
1752 1613 2035 1676 calfacere
2067 1615 2284 1674 dissua-

223 1708 290 1762 27
308 1697 456 1756 deat.
517 1696 673 1756 Litus
704 1708 898 1757 ornant
926 1701 1192 1760 varietate
1220 1700 1533 1777 gratissima
1561 1718 1709 1760 nunc
1739 1699 2000 1759 continua
2027 1717 2174 1758 nunc
2200 1699 2286 1758 in·

306 1783 563 1840 termissa
604 1788 755 1840 tecta
793 1781 1079 1860 villarum,
1126 1802 1270 1861 quae
1311 1792 1595 1862 praestant
1636 1781 1929 1843 multarum
1955 1783 2172 1843 urbium
2202 1783 2285 1844 fa·

308 1865 486 1942 ciem,
539 1865 662 1922 sive
697 1865 831 1926 mari
873 1867 995 1927 sive
1037 1868 1165 1946 ipso
1206 1866 1373 1929 litore
1405 1876 1589 1936 utare;
1640 1866 1792 1946 quod
1830 1884 1943 1927 non
1985 1884 2284 1947 numquam

305 1948 474 2026 longa
494 1948 861 2026 tranquillitas
883 1951 1082 2029 mollit,
1110 1954 1336 2030 saepius
1361 1950 1630 2029 frequens
1653 1961 1713 2010 et
1742 1952 2049 2012 contrarius
2075 1952 2279 2011 fluctus
2299 1957 2375 2011 20
2461 1995 2462 1998 ,

221 2033 537 2093 28indurat.
603 2031 758 2093 Mare
788 2050 899 2094 11011
926 2053 1058 2094 sane
1090 2036 1356 2114 pretiosis
1385 2035 1636 2111 piscibus
1666 2034 1937 2113 abundat,
1981 2035 2171 2094 soleas
2202 2045 2284 2095 ta-

306 2135 433 2175 men
466 2126 526 2176 et
552 2116 785 2195 squillas
816 2119 1053 2196 optimas
1077 2118 1279 2195 egerit.
1340 2116 1488 2179 Villa
1518 2134 1658 2177 vero
1686 2128 1876 2178 nostra
1911 2118 2078 2178 etiam
2105 2119 2284 2177 medi·

305 2208 592 2260 terraneas
628 2202 823 2279 copias
851 2209 1133 2279 praestat,
1177 2199 1268 2260 lac
1297 2202 1354 2258 111
1380 2201 1603 2278 primis:
1653 2219 1778 2261 nam
1816 2200 1955 2262 illuc
1985 2221 2019 2261 e
2050 2203 2306 2280 pascuis.

222 2295 289 2347 29
307 2301 519 2361 pecora
549 2285 907 2361 conveniunt,
940 2283 989 2341 si
1018 2282 1239 2360 quando
1266 2301 1464 2361 aquam
1489 2285 1811 2345 umbramve
1840 2293 2144 2345 sectantur.
2188 2285 2281 2344 Iu-

306 2368 483 2427 stisne
516 2367 586 2426 de
617 2368 801 2426 causis
831 2367 939 2425 iam
968 2367 1068 2425 tibi
1098 2365 1298 2425 videor
1324 2367 1612 2445 incolere,
1653 2368 1993 2445 inhabitare,
2036 2367 2278 2445 diligere
2298 2372 2372 2425 25

305 2468 632 2527 secessum,
673 2466 840 2527 quem
869 2459 927 2508 tu
960 2450 1120 2509 nimis
1149 2450 1391 2510 urbanus
1421 2470 1485 2511 es
1515 2453 1621 2511 nisi
1653 2449 2058 2528 concupiscis?
2091 2451 2284 2530 Atque

303 2535 511 2594 utinam
552 2531 952 2609 concupiscas!
1003 2542 1065 2592 ut
1103 2543 1187 2594 tot
1226 2536 1507 2614 tantisque
1536 2535 1757 2595 dotibus
1790 2534 2019 2594 villulae
2052 2544 2286 2596 nostrae

301 2619 535 2677 maxima
564 2614 974 2676 commendatio
1006 2635 1078 2678 ex
1111 2627 1209 2678 tuo
1241 2620 1608 2679 contubernio
1637 2618 1891 2679 accedat.
1948 2617 2112 2678 Vale.

1168 2717 2204 2818 xvl11.‘
2303 2787 2376 2842 30

840 2846 894 2901 G.
941 2848 1182 2900 PLINIUS
1217 2843 1503 2902 MAURIOO
1542 2849 1661 2901 SUO
1698 2849 1751 2904 S.
1861 2848 1875 2859 ⁶

182 2947 187 2950 ’
256 2967 284 3018 l
425 2948 570 3021 Quid
598 2967 629 3008 a
652 2958 707 3008 te
730 2948 861 3009 mihi
887 2950 1177 3010 iucundius
1202 2952 1385 3030 potuit
1411 2951 1641 3027 iniungi,
1673 2969 1836 3029 quam
1858 2960 1917 3010 ut
1939 2951 2282 3029 praecepto·

301 3049 419 3091 rem
451 3032 635 3092 fratris
668 3035 744 3092 tui
772 3033 967 3093 liberis
1001 3032 1373 3112 quaererem?
1421 3032 1560 3093 Nam
1587 3034 1865 3095 beneficio
1896 3044 1993 3094 tuo
2023 3036 2080 3093 in
2110 3034 2281 3095 scho-

301 3115 412 3174 lam
449 3116 625 3176 redeo
655 3127 713 3177 et
752 3117 902 3176 illam
933 3117 1307 3178 dulcissimam
1335 3126 1574 3178 aetatem
1605 3121 1763 3197 quasi
1791 3135 2051 3178 resumo:
2095 3119 2280 3178 sedeo

298 3200 445 3259 inter
479 3201 735 3281 iuvenes,
769 3211 828 3261 ut
856 3201 1130 3277 solebam,
1159 3211 1329 3279 atque
1362 3201 1526 3260 etiam
1554 3204 1821 3278 experior
1841 3210 2102 3280 quantum
2129 3202 2278 3280 apud
2296 3210 2370 3263 35

249 3280 429 3343 2illos
470 3288 810 3346 auctoritatis
854 3305 927 3345 ex
964 3285 1163 3346 studiis
1205 3285 1457 3344 habeam.
1528 3283 1667 3345 Nam
1696 3288 1949 3362 proxime
1989 3285 2278 3363 frequenti
2331 3305 2336 3310 ·

298 3366 571 3429 auditorio
602 3372 748 3430 inter
777 3388 841 3430 se
873 3386 1062 3430 coram
1089 3367 1277 3427 multis
1301 3368 1506 3426 ordinis
1534 3370 1712 3429 nostri
1742 3366 1893 3427 clare
1917 3367 2276 3428 iocabantur·

297 3449 517 3533 intravi,
549 3457 966 3521 conticuerunt3
1005 3451 1152 3529 quod
1179 3468 1289 3509 non
1320 3450 1624 3529 referrem,
1665 3453 1770 3510 nisi
1800 3452 1870 3512 ad
1900 3451 2127 3511 illorum
2161 3456 2275 3515 ma·
