2467 3850
323 162 449 228 266
1159 160 1223 223 C.
1269 160 1461 224 PLINI

321 333 449 375 nam
490 324 550 375 et
593 314 815 375 restitui
856 315 1155 394 oportebat
1193 333 1341 394 quos
1380 313 1684 378 sustulerat
1718 313 1896 377 malus
1935 315 2205 395 princeps
2249 323 2312 380 et

320 399 442 459 tolli
472 401 781 459 restitutos.
854 398 917 458 ln
947 402 1014 459 iis
1049 402 1195 459 enim
1220 417 1365 477 quae
1394 417 1427 460 a
1450 400 1610 460 malis
1643 400 1792 462 bene
1822 401 1957 460 fiunt
1983 400 2077 460 hic
2110 410 2308 460 tenen-

321 483 425 542 dus
457 492 546 543 est
573 482 771 542 modus
803 492 862 542 ut
892 493 1158 561 appareat
1184 494 1474 544 auctorem
1502 483 1900 562 displicuisse,
1935 501 2048 543 nou
2077 482 2306 548 factum.

317 565 474 627 Idem
513 583 655 643 ergo
685 567 929 645 populus
961 566 1060 627 ille
1091 567 1388 645 aliquando
1417 569 1664 628 scaenici
1698 568 2050 643 imperatoris
2081 577 2310 646 specta·

318 660 409 710 tor
439 659 499 710 et
526 649 789 727 plausor,
819 653 1041 709 nuncin
1067 654 1415 727 pantomimis
1438 668 1668 730 quoque
1691 660 1981 714 aversatur
2001 660 2060 711 et
2084 651 2354 713 damnato

319 734 669 794 effeminatas
702 743 853 794 artes
884 745 941 794 et
978 734 1249 796 indecora
1279 734 1511 795 saeculo
1544 730 1743 795 studia.
1808 733 1900 793 Ex
1932 752 2045 812 quo
2073 734 2306 794 manife-

318 827 468 878 stum
496 827 587 878 est
609 819 920 897 principum
940 817 1290 897 disciplinam
1315 836 1522 897 capere
1548 821 1716 879 etiam
1738 818 1942 896 vulgus
1957 863 1975 894 ,
2014 834 2140 878 cum
2161 835 2308 894 rem,

318 903 368 963 si
396 900 468 961 ab
500 918 610 959 uno
643 901 735 962 fiat
755 947 772 977 ,
804 903 1218 963 severissimam
1248 903 1488 962 fecerint
1516 919 1730 964 omues.
1772 900 1957 962 Macte
1986 901 2093 961 hac
2120 904 2308 979 gravi·

316 987 449 1045 tatis
477 984 687 1062 gloria,
736 983 975 1061 Caesar,
1019 1003 1127 1064 qua
1168 995 1512 1046 consecutus
1554 1004 1619 1047 es
1651 995 1711 1045 ut
1751 985 1902 1063 quod
1931 994 2094 1045 antea
2124 987 2213 1045 vis
2246 991 2310 1045 et

316 1071 609 1147 imperium
632 1087 778 1128 nunc
807 1085 995 1128 mores
1024 1079 1380 1130 vocarentur.
1447 1067 1877 1146 Castigaverunt
1903 1071 2035 1128 vitia
2063 1086 2164 1128 sua
2193 1070 2305 1148 ipsi
2323 1082 2385 1134 10

318 1155 413 1232 qui
443 1154 702 1229 castigari
725 1152 1112 1230 merebantur,
1140 1154 1424 1232 iidemque
1446 1152 1836 1213 emendatores
1860 1155 1954 1230 qui
1977 1151 2309 1212 emendandi

316 1236 558 1296 fuerunt.
627 1234 823 1314 ltaque
864 1253 1031 1296 nemo
1063 1236 1134 1296 de
1165 1240 1472 1297 severitate
1516 1246 1610 1297 tua
1638 1238 1923 1314 queritur,
1975 1244 2033 1295 et
2063 1235 2308 1295 liberum

316 1330 407 1381 est
441 1321 621 1399 queri.
678 1320 794 1380 Sed
818 1338 941 1378 cum
973 1323 1049 1379 ita
1078 1331 1439 1400 conparatum
1471 1323 1545 1379 sit
1573 1330 1633 1379 ut
1661 1320 1732 1380 de
1754 1319 1908 1380 nullo
1939 1320 2121 1379 minus
2151 1321 2304 1398 prin·

316 1407 446 1481 cipe
479 1412 780 1482 querantur
801 1404 1058 1464 homines
1088 1422 1251 1484 quam
1280 1405 1351 1465 de
1375 1421 1487 1483 quo
1518 1406 1750 1463 maxime
1775 1403 1946 1479 licet,
1980 1411 2075 1462 tuo
2099 1405 2155 1462 in
2175 1421 2302 1463 sae·

317 1487 449 1546 culo
495 1485 632 1545 nihil
678 1497 765 1547 est
806 1505 919 1566 quo
949 1506 1062 1547 non
1094 1505 1257 1548 omne
1290 1487 1572 1549 hominum
1598 1506 1779 1565 genus
1809 1486 2050 1547 laetetur
2077 1496 2136 1546 et
2162 1504 2300 1563 gau·
2320 1492 2384 1545 15

316 1570 466 1631 deat.
523 1570 665 1629 Boni
697 1572 1111 1650 provehuntur,
1157 1572 1318 1649 mali,
1365 1574 1458 1650 qui
1491 1580 1581 1631 est
1613 1570 2094 1648 tranquillissimus
2121 1579 2303 1631 status

315 1655 590 1731 civitatis,
621 1674 730 1715 nec
760 1658 953 1715 timent
984 1673 1093 1714 nec
1122 1657 1403 1716 timentur.
1458 1653 1704 1715 Mederis
1735 1655 2056 1730 erroribus,
2087 1653 2190 1714 sed
2217 1655 2304 1713 in·

312 1736 694 1816 plorantibus,
740 1740 1113 1817 omnibusque
1146 1757 1292 1818 quos
1325 1739 1508 1799 bonos
1548 1736 1688 1800 facis
1734 1737 1879 1799 banc
1913 1736 2151 1798 adstruis
2183 1736 2302 1797 lau·

315 1820 442 1881 dem
469 1840 541 1881 ne
572 1825 839 1898 coegisse
867 1823 1132 1883 videaris.

212 1902 293 1971 47
443 1903 627 1979 Quid?
648 1910 836 1985 vitam,
867 1903 1041 1986 quid?
1064 1924 1252 1968 mores
1273 1905 1572 1969 iuventutis
1596 1925 1759 1986 quam
1781 1903 2166 1987 principaliter
2187 1903 2384 1970 for-20
2460 1936 2461 1939 ¹

316 1989 460 2050 mas!
504 1991 688 2063 Quem
714 1991 986 2051 honorem
1009 1990 1231 2051 dicendi
1263 1994 1577 2069 magistris,
1609 2009 1775 2070 quam
1805 1992 2182 2068 dignationem
2209 2008 2302 2051 sa·

314 2075 560 2153 pientiae
592 2074 917 2135 doctoribus
946 2074 1148 2135 habes!
1187 2075 1260 2136 Ut
1291 2077 1394 2137 sub
1425 2085 1482 2136 te
1511 2075 1765 2154 spiritum
1796 2083 1853 2135 et
1881 2075 2207 2152 sanguinem
2235 2082 2301 2133 et

314 2160 544 2235 patriam
580 2167 925 2235 receperunt
957 2157 1164 2219 studia!
1217 2170 1361 2236 quae
1390 2162 1638 2237 priorum
1668 2168 1979 2236 temporum
2006 2158 2299 2217 inmanitas

314 2239 501 2300 exiliis
535 2243 832 2318 puniebat,
879 2260 1005 2302 cum
1039 2243 1147 2302 sibi
1176 2245 1435 2303 vitiorum
1465 2245 1708 2301 omnium
1739 2244 2002 2302 conscius
2027 2243 2299 2318 princeps

311 2324 566 2384 inimicas
595 2327 744 2384 vitiis
771 2334 922 2384 artes
951 2343 1062 2385 non
1094 2325 1225 2385 odio
1257 2330 1431 2403 magis
1464 2343 1624 2404 quam
1649 2327 1964 2386 reverentia
1991 2323 2380 2400 relegaret.25

311 2406 390 2466 At
415 2415 477 2465 tu
506 2406 734 2467 easdem
761 2417 911 2469 artes
939 2411 993 2467 in
1028 2410 1308 2487 conplexu
1342 2409 1523 2471 oculis
1545 2409 1772 2470 auribus
1799 2409 1997 2469 habes.
2036 2406 2299 2468 Praestas

314 2492 460 2549 enim
491 2504 875 2568 quaecumque
903 2496 1290 2571 praecipiunt,
1335 2503 1658 2571 tantumque
1687 2511 1784 2552 eas
1816 2490 2004 2569 diligis
2035 2501 2301 2569 quantum

311 2574 381 2636 ab
410 2572 522 2634 illis
555 2574 827 2651 probaris.
862 2575 952 2634 An
981 2578 1274 2653 quisquam
1295 2578 1475 2637 studia
1497 2576 1844 2637 humanitatis
1867 2574 2162 2653 professus
2186 2590 2301 2634 nou

311 2677 438 2720 cum
452 2660 633 2718 omnia
658 2667 750 2717 tua
773 2668 889 2718 tum
910 2659 1003 2718 vel
1030 2662 1084 2718 in
1112 2663 1302 2737 primis
1325 2660 1579 2721 laudibus
1604 2660 1749 2719 ferat
1764 2660 2161 2720 admissionum
2178 2668 2299 2718 tua·

306 2761 431 2802 rum
460 2739 828 2803 facilitatem?
892 2742 1097 2819 Magno
1126 2744 1348 2822 quidem
1379 2747 1560 2803 animo
1592 2753 1964 2822 parensstuus
1993 2742 2134 2802 hanc
2163 2750 2295 2801 ante
2313 2755 2383 2810 30

307 2844 412 2886 vos
457 2829 743 2905 principes
784 2844 973 2886 arcem
1010 2827 1357 2904 publicarum
1399 2828 1619 2887 aedium
1649 2829 1872 2886 nomine
1900 2828 2297 2904 inscripserat3

307 2908 512 2969 frustra
545 2919 762 2987 tamen,
805 2911 912 2971 nisi
941 2909 1268 2991 adoptasset
1296 2913 1389 2990 qui
1428 2911 1678 2971 habitare
1707 2920 1767 2970 ut
1796 2912 1852 2969 in
1880 2909 2123 2989 publicis
2157 2924 2299 2989 pos·

310 3001 420 3050 set.
474 2992 652 3065 Quam
683 2994 831 3052 bene
867 3012 992 3053 cum
1022 2993 1183 3055 titulo
1212 2997 1323 3054 isto
1354 2996 1601 3055 moribus
1628 2996 1736 3055 tuis
1771 2995 2070 3070 convenit,
2104 3011 2303 3071 quam-

310 3090 421 3149 que
462 3079 642 3135 omnia
683 3079 771 3136 sic
814 3077 985 3152 facis,
1037 3089 1312 3157 tamquam
1352 3096 1464 3138 non
1502 3077 1644 3138 alius
1673 3076 2054 3155 inscripserit!
2125 3075 2301 3149 Quod

309 3158 455 3214 enim
484 3157 700 3234 forum,
733 3178 875 3236 quae
907 3162 1114 3237 templa
1142 3171 1251 3219 tam
1282 3158 1570 3222 reserata?
1619 3160 1749 3220 Non
1779 3159 2113 3239 Capitolium
2142 3162 2383 3238 ipsa-35

309 3255 421 3315 que
452 3237 549 3297 illa
586 3240 900 3317 adoptionis
929 3253 1059 3303 tuae
1091 3243 1263 3304 sedes
1291 3248 1468 3322 magis
1499 3245 1759 3323 publica,
1811 3247 1990 3321 magis
2030 3246 2298 3305 omnium.

308 3319 463 3378 Nulli
500 3320 734 3397 obices,
785 3325 923 3384 nulli
968 3327 1427 3388 contumeliarum
1462 3327 1702 3406 gradus,
1757 3330 2151 3407 superatisque
2186 3329 2301 3388 iam

310 3400 467 3461 mille
496 3400 773 3463 liminibus
802 3406 944 3466 ultra
984 3427 1213 3487 semper
1252 3410 1436 3488 aliqua
1466 3411 1600 3472 dura
1641 3421 1700 3472 et
1738 3412 2030 3473 obstantia.
2088 3409 2301 3489 Magna
