2467 3850
242 255 321 295 ΧΠ
1048 249 1513 304 PRAEFATIO.

247 407 322 462 dle
342 421 483 479 quam
505 403 741 462 Ges-neme
762 411 811 460 et
830 403 1096 478 Gioeiqiue,
1137 408 1220 478 qui
1259 407 1460 461 meliore
1500 406 1576 460 via
1616 411 1877 460 monstrata
1924 405 1983 461 ad
2024 406 2163 460 istam
2204 420 2339 461 suam

248 491 486 562 vulgatam
525 491 808 559 scripturam
849 505 878 544 a
920 489 1199 545 Gruteriano
1242 490 1461 559 exemplo
1507 496 1819 561 propagatam
1867 490 2123 545 redierunt.
2186 504 2339 560 neque

245 586 354 628 vero
388 589 473 630 sua
505 573 643 629 laude
662 573 947 628 fraudandus
969 580 1043 627 est
1063 571 1121 629 G.
1144 572 1207 629 H.
1229 571 1534 645 Sehaefm,
1579 573 1687 644 qui,
1731 588 1842 628 cum
1882 589 2004 628 anno
2038 576 2171 630 1805
2224 572 2342 627 Ges-

243 658 344 714 neri
363 658 620 713 editionem
656 658 830 712 iterum
861 657 1188 712 excudendam
1208 663 1420 721 curaret,
1464 656 1848 712 adnotationibus
1888 657 2057 712 additis
2096 657 2339 727 complura

244 742 454 813 priorum
475 740 645 795 menda
675 741 884 796 sustulit.
933 741 1136 812 deniquo
1155 742 1441 795 novissimus
1461 739 1599 796 Pfinii
1622 741 1790 804 editor,
1825 739 2089 795 Mauricius
2111 739 2339 811 Dea-inq,

246 825 325 896 qui
348 839 470 880 anno
497 826 632 881 1843
661 824 749 879 has
778 824 1002 894 epistulas
1035 826 1380 880 commentario
1412 826 1462 879 in
1484 839 1625 880 usum
1646 824 1918 879 scholarum
1953 825 2207 879 instructas
2241 825 2342 879 edi-

239 908 314 962 dit
328 951 342 972 ,
384 909 756 978 interpretationi
779 909 938 978 potius
958 924 1100 980 quam
1131 909 1446 964 emendationi
1468 910 1680 963 intentus
1705 923 1856 979 pauca
1875 923 1998 980 quae
2017 923 2151 964 meae
2170 908 2340 962 rationi

242 994 545 1047 convenirent
584 992 831 1061 praestitit.

364 1076 419 1130 ln
454 1076 667 1146 epistulis
686 1073 824 1130 Plinii
857 1082 907 1130 et
925 1076 1111 1130 Traiani
1147 1076 1446 1146 imperatoris
1478 1077 1709 1147 singulari
1741 1075 1863 1130 libro
1900 1074 2253 1145 comprehensis
2286 1083 2345 1129 ut

244 1174 393 1216 novae
431 1160 722 1214 mceusionis
761 1174 983 1223 munere,
1027 1159 1154 1231 quod
1189 1162 1237 1214 in
1272 1161 1463 1231 reliquis
1494 1160 1846 1230 suscipiendum
1866 1166 1991 1222 erat,
2031 1159 2346 1229 supersedere

243 1258 434 1313 possem
456 1241 617 1298 Orellii
641 1258 782 1298 curae
800 1243 875 1298 his
897 1244 1111 1313 epistulis
1140 1244 1394 1313 separatim
1429 1243 1567 1298 editis
1598 1244 1853 1313 praestitae
1890 1243 2165 1297 effecerunt.
2230 1248 2346 1295 ante

244 1328 400 1382 omnia
445 1333 605 1382 autem
654 1328 899 1382 sciendum
939 1334 1031 1390 est,
1074 1334 1129 1382 ut
1161 1334 1374 1397 repetam
1396 1341 1517 1397 quae
1538 1326 1599 1380 de
1619 1326 1832 1381 fontibus
1853 1328 2114 1397 scripturae
2136 1324 2346 1385 Orellius

244 1411 523 1481 explicatius
565 1411 813 1475 disseruit,
856 1417 993 1466 sexto
1034 1410 1220 1465 decimo
1263 1410 1454 1464 saeculo
1495 1424 1645 1464 unum
1687 1411 1855 1465 harum
1905 1410 2212 1480 epistularum
2254 1425 2345 1463 ex-

244 1496 397 1550 titisse
419 1495 634 1549 codicem
649 1537 662 1558 ,
706 1511 848 1566 quem
887 1496 937 1549 in
978 1493 1128 1549 Gallia
1172 1500 1414 1563 repertum
1454 1507 1562 1547 esse
1605 1509 1632 1549 a
1665 1494 1875 1549 lucundo
1896 1494 2155 1548 Veronensi
2197 1508 2345 1562 supra

244 1579 357 1634 dixi.
423 1593 484 1632 ex
526 1593 585 1632 eo
630 1586 791 1633 autem
832 1578 1094 1648 descriptas
1138 1583 1188 1631 et
1223 1575 1355 1632 Petri
1394 1577 1595 1632 Leandri
1631 1579 1861 1635 industria
1902 1579 2070 1632 missas
2112 1577 2347 1647 epistulas

245 1663 492 1733 octoginta
515 1668 563 1716 et
582 1678 878 1734 unam,quae
898 1661 1079 1717 suntab
1093 1661 1296 1731 epistula
1320 1661 1683 1733 quadragesima
1694 1663 1844 1732 prima
1865 1661 2169 1731 posteriores
2193 1660 2346 1716 edidit

243 1744 554 1818 Hier-onynm
572 1744 806 1801 Aventius
841 1747 1094 1815 impressas
1124 1760 1210 1815 per
1231 1745 1453 1800 loannem
1488 1745 1548 1800 de
1569 1746 1760 1801 Tridino
1786 1761 1909 1800 anno
1953 1747 2104 1801 1502.
2169 1744 2347 1799 deinde

244 1830 412 1885 eodem
453 1846 575 1885 anno
616 1832 779 1901 paucis
818 1829 1059 1885 mensibus
1105 1835 1215 1899 post
1256 1828 1506 1902 Philippus
1544 1828 1806 1885 Beroaldus
1847 1829 2030 1883 Avantii
2070 1827 2348 1896 exemplum

243 1916 341 1970 suis
375 1915 659 1971 coniecturis
692 1915 993 1971 emendatum
1028 1915 1231 1985 repetiit.
1318 1915 1487 1969 tertius
1528 1915 1608 1985 qui
1646 1915 1844 1969 eandem
1887 1912 2190 1983 epistularum
2232 1926 2347 1982 par-

244 2007 343 2054 tem
370 2000 531 2055 ederet
569 1999 726 2053 extitit
767 1999 1067 2064 Catanaeaeoe,
1109 2000 1190 2070 qui
1232 2015 1349 2054 suae
1392 1998 1697 2068 epistularum
1740 2004 1790 2051 et
1829 1997 2103 2068 panegyrici
2144 1996 2345 2050 editioni

243 2098 366 2138 anno
404 2086 537 2140 1506
569 2082 820 2138 Mediolani
852 2082 1089 2137 exhibitae
1123 2083 1295 2137 adiecit
1342 2082 1591 2137 ‘libellum
1641 2081 1946 2150 epistolarum
1986 2080 2044 2135 ad
2088 2080 2345 2134 Traianum

243 2182 355 2221 cum
397 2166 639 2235 rescriptis
676 2166 823 2221 eiusd.
848 2167 1071 2236 principis
1085 2165 1124 2220 ⁹.
1165 2166 1295 2235 quod
1327 2173 1484 2219 autem
1521 2179 1618 2217 uno
1640 2170 1827 2218 tantum
1861 2164 2116 2234 exemplari
2152 2169 2350 2233 praeter

244 2251 483 2318 impressa,
526 2264 617 2303 nec
645 2250 726 2303 illo
755 2249 1009 2304 admodum
1043 2254 1249 2310 vetusto,
1283 2247 1495 2302 adiutum
1530 2261 1584 2300 se
1617 2247 1762 2301 fuisse
1791 2249 1840 2301 in
1873 2246 1947 2301 his
1979 2248 2192 2317 epistulis
2225 2247 2351 2301 dicit

245 2332 532 2395 CatanaeuS,
573 2331 622 2387 id
664 2333 756 2386 nisi
797 2347 907 2386 cum
951 2331 1129 2388 Orellio
1171 2331 1229 2385 ab
1272 2331 1375 2401 ipso
1418 2329 1675 2384 confictum
1716 2331 1992 2386 indicaveris
2006 2373 2019 2396 ,
2064 2330 2124 2384 de
2154 2331 2345 2385 Avantii

244 2414 518 2488 apographo
560 2415 934 2488 intellegendum
987 2422 1075 2470 est.
1162 2414 1355 2469 tandem
1406 2413 1596 2468 biennio
1656 2421 1766 2484 post
1808 2414 2031 2471 Catanaei
2079 2414 2347 2469 editionem

245 2501 346 2570 ipso
395 2499 574 2555 Gallico
625 2501 817 2563 codice,
873 2499 954 2570 qui
1007 2500 1251 2569 integrum
1305 2498 1476 2553 librum
1535 2496 1771 2563 exhibuit,
1829 2501 1877 2554 in
1922 2499 2103 2553 Italiam
2161 2499 2348 2564 adlato,

243 2582 394 2638 Aldus
407 2626 420 2647 ,
467 2584 528 2638 de
567 2584 702 2638 cuius
741 2583 948 2638 editione
978 2598 1121 2652 supra
1155 2581 1336 2636 dictum
1367 2587 1467 2646 est,
1508 2582 1732 2651 epistulas
1759 2584 2068 2655 quadraginta
2097 2588 2148 2636 et
2172 2597 2348 2651 unam,

244 2669 432 2739 quaein
463 2668 699 2737 prioribus
732 2666 961 2737 exemplis
997 2667 1213 2730 deerant,
1258 2664 1443 2721 adiecit.
1498 2680 1617 2738 ergo
1653 2667 1773 2722 duae
1794 2675 1905 2722 sunt
1926 2667 2092 2721 barum
2114 2666 2353 2736 epistula-

243 2767 350 2806 rum
390 2752 623 2806 editiones
663 2751 927 2821 principes,
969 2750 1141 2821 quibus
1183 2764 1346 2804 earum
1385 2751 1598 2805 recensio
1640 2753 1833 2815 nititur,
1875 2752 2021 2806 altera
2062 2750 2249 2804 Avantii
2290 2750 2349 2804 in

242 2835 581 2904 posterioribus
621 2841 806 2889 tantum
847 2834 1061 2904 epistulis
1105 2835 1351 2905 octoginta
1384 2839 1433 2888 et
1474 2850 1592 2898 una,
1629 2835 1803 2906 altera,
1845 2848 1966 2905 quae
1986 2834 2044 2889 ad
2064 2834 2351 2888 universum

244 2918 414 2973 librum
445 2919 670 2988 pertinet,
705 2919 827 2974 Aldi.
871 2932 901 2972 e
935 2918 1105 2989 quibus
1127 2919 1352 2972 Avantius
1378 2933 1661 2989 quamquam
1695 2934 1781 2988 pro
1804 2918 1925 2972 virili
1960 2908 2045 2972 sua
2081 2917 2349 2988 castigatas

198 3038 216 3054 .
243 3017 271 3056 a
311 3016 365 3056 se
414 3002 639 3072 epistulas
678 3003 818 3066 dicit,
861 3008 1021 3055 tamen
1072 3017 1220 3072 pauca
1264 3002 1451 3057 videtur
1489 3003 1537 3057 in
1579 3002 1637 3057 iis
1683 3016 1804 3073 quae
1836 3016 1864 3054 e
1898 3001 2063 3055 codice
2098 3000 2349 3070 descripta

244 3083 447 3141 habebat
492 3092 728 3151 mutasse,
770 3085 917 3140 Aldus
937 3084 1100 3140 multis
1120 3087 1404 3140 coniecturis
1425 3100 1451 3140 a
1479 3085 1690 3140 Iucundo
1711 3101 1815 3149 suo,
1845 3086 1894 3138 ni
1935 3085 2086 3151 fallor,
2107 3084 2351 3154 profectis

243 3168 422 3223 codicis
461 3170 741 3239 scripturam
783 3169 996 3223 mutavit.
1049 3169 1175 3224 unde
1206 3169 1465 3223 existimari
1496 3169 1611 3224 licet
1640 3184 1781 3239 quam
1807 3168 1955 3239 longe
1988 3182 2073 3223 eae
2105 3168 2350 3238 epistulae

242 3267 441 3324 quarum
460 3254 615 3308 omnis
634 3253 683 3306 in
704 3253 872 3308 Aldine
893 3252 1111 3321 exemplo
1145 3252 1263 3308 fides
1297 3258 1371 3306 oet
1398 3268 1425 3306 a
1459 3254 1664 3323 genuina
1704 3252 1935 3321 scriptura
1974 3252 2186 3307 deflexae
2222 3252 2349 3309 sint.

241 3335 328 3391 sed
374 3351 486 3390 cum
527 3351 643 3390 mox
681 3337 730 3391 in
770 3337 978 3391 secunda
1022 3335 1246 3391 Catanaei
1289 3336 1522 3398 editione,
1565 3350 1706 3406 quam
1745 3335 1914 3406 reliqui
1956 3336 2161 3390 editores
2205 3335 2353 3390 utin

244 3420 414 3474 ceteris
454 3418 586 3474 libris
625 3420 691 3475 ita
731 3421 781 3476 in
813 3420 908 3475 hoc
952 3420 1054 3475 fere
1093 3420 1437 3491 sequebantur,
1481 3419 1586 3478 Aldi
1617 3419 1830 3472 recensio
1873 3419 2008 3474 novis
2050 3419 2356 3474 coniecturis

244 3509 522 3577 augeretur,
562 3504 743 3559 factum
777 3511 852 3559 est
871 3510 925 3559 ut
943 3503 1250 3559 vehementer
1274 3503 1584 3572 interpolatae
1601 3501 1692 3557 hae
1712 3502 1941 3571 epistulae
1968 3501 2348 3557 circumferren-
