2467 3850
197 95 216 125 ι
2455 0 2460 195 1

330 206 454 270 150
1165 206 1231 271 C.
1274 207 1468 270 PLINI
2453 240 2461 475 η

179 320 283 504 μς
329 361 558 435 domus,
596 368 834 438 repente
877 361 1094 441 dilapsa
1130 361 1345 423 deserit
1386 361 1674 422 comitem:
1726 361 1983 423 desertus
2017 361 2222 422 herbas
2251 370 2307 422 et

22 443 176 578 ΘΛ*
282 444 801 590 lfolianm
839 447 1058 523 signum
1086 445 1216 505 loco
1247 448 1425 524 ponit.
1490 445 1728 508 Postero
1763 445 1855 507 die
1883 446 1994 506 adit
2021 448 2305 523 magistra·
2458 496 2461 517 ὁ

326 540 438 604 tus,
469 546 633 588 mone
684 538 744 588 ut
772 528 926 588 illum
955 529 1144 590 locum
1175 529 1347 590 effodi
1374 530 1620 590 iubeant.
1671 529 2030 591 Inveniuntur
2061 546 2195 590 ossa
2227 532 2305 589 in·
2459 526 2460 585 Ϊ

325 622 475 673 serta
517 615 730 673 catenis
767 622 825 672 et
860 614 1141 692 inplicita,
1185 631 1333 691 quae
1362 631 1570 692 corpus
1598 632 1739 674 aevo
1768 623 2031 692 terraque
2061 612 2304 692 putrefa-
2459 606 2460 615 ’

325 705 475 757 ctum
496 696 646 756 nuda
676 705 733 756 et
761 715 935 781 exesa
974 698 1280 775 reliquerat
1308 697 1573 757 vinculis:
1610 698 1855 759 collecta
1882 697 2112 777 publice
2142 708 2353 775 sepe-5

243 789 309 841 12
326 780 548 841 liuntur.
611 780 824 840 Domus
858 792 1061 859 postea
1096 784 1203 841 rite
1245 780 1482 841 conditis
1512 783 1766 842 manibus
1806 784 1998 842 caruit.
2058 780 2134 840 Et
2161 782 2306 840 haec

325 864 987 944 quidem-adfirmantibus
1018 865 1221 925 credo:
1251 864 1391 924 illud
1418 865 1705 927 adfirmare
1737 863 1860 926 aliis
1890 882 2139 945 possum.
2200 863 2307 923 Est

321 949 559 1009 libertus
589 948 753 1026 mihi,
798 966 909 1008 non
946 949 1301 1013 inlitteratus,
1365 947 1506 1008 Cum
1546 950 1658 1009 hoc
1692 951 1872 1009 minor
1898 950 2072 1009 frater
2104 947 2305 1007 eodem

232 1052 235 1061 ·
319 1032 477 1092 lecto
502 1033 851 1109 quiescebat.
887 1031 943 1094 Is
977 1035 1132 1094 visus
1157 1042 1247 1093 est
1276 1033 1385 1092 sibi
1419 1050 1659 1093 cernere
1691 1033 1964 1111 quendam
1987 1034 2046 1092 in
2066 1042 2193 1092 toro
2215 1050 2305 1090 re·

321 1116 598 1177 sidentem
637 1116 1139 1196 admoventemque
1192 1119 1363 1195 capiti
1408 1134 1512 1177 suo
1560 1116 1773 1177 cultros
1816 1115 1995 1196 adque
2026 1118 2195 1176 etiam
2233 1134 2309 1174 ex
2322 1131 2386 1182 10

58 1087 247 1328 fi
319 1200 449 1278 ipso
477 1201 695 1259 vertice
730 1211 1101 1280 amputantem
1139 1199 1396 1279 capillos,
1453 1200 1561 1261 Ubi
1580 1186 1818 1276 imum,
1849 1203 1973 1280 ipse
2005 1202 2156 1259 circa
2176 1218 2306 1258 ver-

242 1290 309 1344 13
324 1286 492 1343 tieem
518 1293 747 1361 tonsus,
785 1284 975 1364 capilli
1003 1287 1257 1349 iacentes
1289 1286 1660 1363 reperiuntur.
1724 1284 2004 1362 Exiguum
2033 1285 2304 1361 temporis

320 1368 583 1444 medium,
620 1377 678 1428 et
705 1387 899 1429 rursus
931 1366 1112 1429 simile
1143 1367 1295 1428 aliud
1326 1370 1497 1446 priori
1526 1368 1690 1428 fidem
1712 1369 1868 1428 fecit.
1911 1367 2058 1427 Puer
2085 1369 2140 1425 in
2169 1384 2306 1445 pae-

321 1450 565 1528 dagogio
607 1454 811 1512 mixtus
864 1452 1118 1531 pluribus
1164 1452 1503 1512 dormiebat:
1551 1463 1827 1513 venerunt
1870 1470 1977 1531 per
2023 1451 2305 1511 fenestras

322 1536 430 1613 (ita
455 1535 667 1613 narrat)
697 1538 755 1596 in
789 1538 992 1596 tunicis
1022 1535 1165 1596 albis
1206 1535 1318 1595 duo
1352 1536 1760 1615 cubantemque
1792 1533 2199 1611 detonderunt,
2242 1542 2303 1594 et
2322 1541 2384 1594 15

322 1637 428 1696 qua
464 1629 733 1679 venerant
773 1629 1152 1681 recesserunt.
1216 1618 1379 1679 Hunc
1421 1637 1646 1697 quoque
1688 1629 1911 1681 tonsum
1957 1635 2307 1697 sparsosque

239 1712 307 1766 14
326 1705 474 1762 circa
505 1703 742 1780 capillos
775 1703 894 1763 dies
925 1703 1188 1763 ostendit.
1254 1699 1403 1762 Nihil
1437 1703 1681 1764 notabile
1713 1713 1989 1779 secutum,
2020 1703 2126 1761 nisi
2155 1700 2307 1761 forte

322 1786 475 1863 quod
499 1805 610 1847 non
641 1787 719 1847 fni
744 1806 897 1865 reus,
928 1786 1145 1848 futurus
1163 1833 1180 1864 ,
1211 1788 1260 1847 si
1287 1785 1669 1864 Domitianus,
1703 1787 1807 1847 sub
1837 1804 1950 1865 quo
1979 1784 2123 1845 haec
2150 1785 2304 1844 acci-

323 1870 554 1948 derunt,
600 1870 801 1932 diutius
832 1874 1087 1933 vixisset.
1149 1870 1291 1931 Nam
1324 1871 1379 1930 in
1409 1871 1616 1931 scrinio
1650 1873 1771 1932 eius
1804 1870 1961 1931 datus
1991 1888 2025 1931 a
2053 1866 2199 1928 Caro
2230 1867 2304 1928 de

320 1972 408 2014 me
438 1953 667 2016 libellus
696 1959 953 2016 inventus
983 1965 1099 2025 est;
1141 1974 1216 2015 ex
1260 1973 1371 2034 quo
1415 1956 1719 2015 coniectari
1749 1964 1972 2034 potest,
2026 1956 2153 2031 quia
2185 1954 2389 2017 reisffio

318 2040 492 2098 moris
524 2049 612 2099 est
653 2043 996 2100 summittere
1042 2038 1339 2117 capillum,
1378 2040 1600 2099 recisos
1640 2056 1890 2098 meorum
1935 2036 2172 2116 capillos
2203 2036 2303 2096 de·

320 2121 470 2199 pulsi
515 2122 665 2201 quod
709 2123 1029 2182 imminebat
1067 2121 1306 2200 periculi
1345 2124 1564 2199 signum
1609 2121 1803 2183 fuisse.
1879 2121 2116 2181 Proinde
2156 2137 2304 2197 rogo

237 2212 302 2264 15
322 2205 687 2265 eruditionem
718 2216 863 2266 tuam
891 2204 1161 2265 intendas.
1202 2204 1385 2282 Digna
1413 2224 1507 2266 res
1540 2216 1629 2266 est
1658 2225 1822 2284 quam
1845 2207 1935 2265 diu
1956 2203 2306 2282 multumque

321 2289 679 2348 consideres:
707 2307 780 2348 ne
810 2306 922 2364 ego
952 2287 1175 2365 quidem
1200 2287 1460 2364 indignus
1498 2291 1588 2350 cui
1619 2291 1836 2367 copiam
1870 2291 2138 2349 scientiae
2170 2297 2303 2347 tuae

236 2379 301 2433 16
320 2371 510 2431 facias.
552 2369 711 2429 Licet
743 2373 909 2431 etiam
935 2379 1223 2449 utramque
1251 2373 1308 2430 in
1338 2382 1573 2450 partem,
1608 2382 1667 2432 ut
1696 2373 1875 2449 soles,
1907 2373 2187 2451 disputes,
2225 2390 2304 2431 ex
2319 2379 2386 2430 25

316 2454 491 2513 altera
530 2462 714 2512 tamen
749 2454 979 2532 fortius,
1032 2473 1106 2514 ne
1133 2474 1221 2515 me
1253 2474 1588 2534 suspensum
1620 2459 2004 2535 incertumque
2033 2455 2301 2531 dimittat-3,

319 2554 444 2596 cum
465 2535 595 2595 mihi
632 2538 960 2599 consulendi
998 2556 1166 2599 eausa
1191 2539 1358 2599 fuerit
1393 2549 1452 2598 ut
1481 2541 1732 2600 dubitare
1763 2540 2098 2606 desinerem.
2135 2538 2302 2599 Vale.

1169 2669 1428 2733 XXVIII.

852 2769 905 2820 c.
938 2770 1186 2823 PLlNIUS
1219 2769 1505 2825 snm-1010
1543 2769 1662 2821 suo
1695 2770 1749 2824 s,
2317 2789 2384 2843 30

264 2881 294 2931 1
434 2871 537 2931 Ais
574 2870 841 2948 quosdam
861 2872 1007 2950 apud
1027 2883 1084 2933 te
1106 2871 1567 2952 reprehendisse,
1599 2882 1875 2951 tamquam
1902 2871 2113 2930 amicos
2135 2883 2324 2932 meos·

263 2962 296 3012 2
314 2971 385 3012 ex
418 2955 564 3013 omni
596 2958 899 3016 occasione
929 2956 1071 3016 ultra
1094 2957 1318 3016 modum
1339 2956 1575 3016 laudem.
1621 2954 1893 3032 Agnosco
1920 2957 2151 3029 crimen,
2183 2972 2303 3012 am-

314 3036 539 3114 plector
577 3041 758 3097 etiam.
822 3038 968 3111 Quid
1005 3042 1150 3099 enim
1193 3040 1485 3101 honestius
1532 3038 1698 3117 culpa
1737 3034 2138 3115 benignitatis?
2189 3036 2303 3110 Qui
2447 3037 2461 3110 -ᾂ

312 3129 438 3178 sunt
471 3129 653 3179 tamen
681 3124 774 3181 isti
805 3125 899 3200 qui
924 3126 1135 3184 amicos
1165 3142 1324 3184 meos
1356 3123 1556 3183 melius
1589 3119 1813 3183 norint?
1856 3122 1972 3180 Sed
2001 3131 2060 3179 ut
2086 3123 2298 3197 norint,
2459 3131 2460 3196 ζ

311 3202 446 3280 quid
476 3203 721 3264 invident
759 3206 889 3263 mihi
923 3206 1253 3267 felicissimo
1298 3203 1537 3266 errore?
1583 3206 1656 3266 Ut
1686 3208 1832 3265 enim
1866 3222 1978 3264 non
2008 3207 2116 3263 sint
2146 3203 2296 3264 tales
2314 3213 2380 3265 35
2457 3221 2461 3252 1

312 3286 507 3364 quales
537 3304 568 3343 a
600 3304 688 3344 me
721 3288 1131 3366 praedicantur,
1163 3308 1276 3366 ego
1303 3301 1487 3349 tamen
1516 3290 1738 3365 beatus,
1771 3289 1921 3368 quod
1944 3287 2075 3346 mihi
2096 3286 2296 3346 viden·
2459 3293 2460 3334 l

260 3378 417 3431 3tur.
459 3368 636 3444 Igitur
677 3369 746 3427 ad
781 3368 921 3431 alios
951 3372 1094 3432 hanc
1134 3375 1410 3432 sinistram
1444 3372 1782 3449 diligentiam
1814 3370 2137 3446 conferant,
2181 3389 2298 3431 nec
2459 3357 2460 3382 ¹

311 3461 438 3513 sunt
471 3468 662 3529 parum
700 3450 887 3529 multi,
936 3457 1030 3530 qui
1071 3472 1308 3532 carpere
1336 3459 1547 3516 amicos
1577 3475 1714 3517 suos
1758 3455 2022 3516 iudicium
2050 3463 2295 3516 vocant:
2459 3403 2460 3494 l
