2467 3850
323 181 406 243 84
1172 176 1240 240 C.
1281 176 1472 239 PLINI

323 328 516 411 plum?
564 327 783 409 quando
812 345 1083 391 secessus
1114 331 1224 392 mei
1251 348 1362 390 non
1394 327 1644 390 desidiae
1674 344 1876 390 nomen
1905 326 2009 388 sed
2039 326 2311 406 tranquil·

321 415 489 476 litatis
517 411 841 494 accipient?
902 413 1064 477 Vale.

1197 543 1433 608 XXIIII.

749 648 803 703 c,
841 646 1087 699 PLans
1120 649 1310 701 rAmo
1348 646 1626 701 VALENTI
1666 644 1785 698 suo
1824 646 1877 699 s,
2331 673 2366 725 5

271 766 300 817 1
446 747 704 809 Proxime
744 765 870 807 cum
915 746 1063 826 apud
1104 749 1481 810 centumviros
1521 750 1578 808 in
1611 746 1959 827 quadruplici
1988 746 2196 807 iudicio
2226 746 2310 805 di-

319 833 531 894 xissem
549 876 566 907 ,
602 832 771 892 subiit
797 830 1115 891 recordatio
1139 834 1332 908 egisse
1361 850 1449 892 me
1478 833 1739 892 iuvenem
1767 849 1952 909 aeque
1980 833 2036 890 in
2067 829 2310 908 quadru-

271 915 475 996 2plici.
518 914 807 976 Processit
829 916 1064 990 animus,
1094 924 1154 974 ut
1175 915 1349 993 solet,
1381 915 1635 993 longius:
1668 917 1835 994 coepi
1863 924 2127 994 reputare
2159 930 2308 991 quos

322 1001 382 1059 in
405 999 516 1061 hoc
544 998 785 1076 iudici0,
836 1017 980 1077 quos
1021 1001 1077 1058 in
1117 997 1218 1059 illo
1261 1001 1453 1062 socios
1490 999 1698 1059 laboris
1727 998 2065 1059 habuissem.
2132 996 2306 1058 Solus

324 1101 477 1143 eram
506 1085 601 1161 qui
630 1085 686 1142 in
714 1092 955 1162 utroque
984 1078 1284 1144 dixissem:
1328 1092 1508 1144 tantas
1538 1085 1943 1144 conversiones
1971 1092 2064 1142 aut
2094 1079 2310 1159 fragili·
2329 1097 2400 1150 10

269 1180 304 1234 3
323 1175 407 1228 tas
436 1167 785 1227 mortalitatis
817 1176 909 1227 aut
937 1167 1192 1228 fortunae
1220 1167 1500 1244 mobilitas
1533 1166 1683 1227 facit.
1724 1164 1960 1238 Quidam
1989 1185 2063 1226 ex
2090 1164 2178 1226 his
2210 1167 2310 1243 qui

318 1261 450 1312 tunc
482 1260 715 1327 egerant
748 1250 1149 1327 decesserunt,
1180 1251 1408 1312 exulant
1433 1251 1558 1329 alii,
1602 1250 1732 1310 huic
1760 1259 1917 1311 aetas
1947 1260 2005 1310 et
2036 1249 2308 1309 valetudo

318 1335 603 1396 silentium
630 1336 826 1410 suasit,
858 1335 951 1395 hic
980 1344 1185 1413 sponte
1212 1336 1536 1396 beatissimo
1567 1336 1683 1395 otio
1712 1333 1931 1410 fruitur,
1964 1332 2105 1394 alius
2136 1350 2307 1393 exer-

320 1420 492 1479 citum
525 1420 704 1495 regit,
748 1417 903 1478 illum
937 1417 1192 1479 civilibus
1233 1418 1435 1480 officiis
1479 1420 1748 1497 principis
1789 1420 2028 1479 amicitia
2071 1418 2302 1477 exemit.

274 1499 488 1568 4Circa
520 1519 625 1563 nos
653 1504 811 1581 ipsos
838 1520 999 1580 quam
1026 1501 1197 1563 multa
1223 1512 1427 1563 mutata
1460 1505 1613 1564 sunt!
1658 1501 1866 1562 Studiis
1894 1503 2304 1581 processimus,
2327 1511 2392 1563 15

274 1586 519 1650 bstudiis
548 1585 847 1665 periclitati
881 1604 1107 1663 sumus,
1155 1604 1464 1665 rursusque
1503 1587 1904 1665 processimus.
1969 1585 2309 1646 Profuerunt

321 1670 485 1730 nohis
518 1670 790 1731 bonorum
814 1672 1122 1748 amicitiae,
1170 1670 1443 1731 bonorum
1482 1670 1780 1731 obfuerunt
1818 1671 2133 1748 iterumque
2171 1687 2307 1748 pro·

325 1762 473 1818 sunt.
515 1753 575 1813 Si
607 1763 883 1833 conputes
906 1771 1112 1832 annos,
1142 1756 1410 1832 exiguum
1435 1763 1682 1833 tempus,
1705 1755 1755 1814 si
1781 1755 1941 1814 vices
1970 1771 2177 1829 rerum,
2208 1771 2304 1813 ae-

266 1849 299 1903 6
319 1856 448 1897 vum
474 1846 659 1917 putes.
705 1837 869 1912 Quod
900 1847 1091 1917 potest
1123 1857 1267 1899 esse‘
1286 1839 1621 1900 documento
1645 1836 1780 1897 nihil
1809 1837 2138 1915 desperare,
2162 1836 2303 1896 nulli

317 1925 401 1982 rei
432 1922 639 1999 fidere,
681 1942 808 1983 cum
846 1922 1133 1984 videamus
1173 1932 1259 1983 tot
1287 1926 1588 1984 varietates
1617 1932 1728 1983 tam
1756 1920 1991 1982 volubili
2022 1920 2161 1981 orbe
2193 1924 2301 1981 cir·
2322 1931 2389 1983 20
2421 1980 2426 1985 .

273 2009 554 2085 7cumagi.
595 2005 729 2066 Mihi
759 2016 941 2066 autem
971 2006 1240 2067 familiare
1280 2018 1370 2068 est
1399 2024 1593 2067 omnes
1623 2008 1996 2083 cogitationes
2025 2023 2180 2065 meas
2213 2015 2301 2065 te-

319 2109 445 2151 cum
491 2093 899 2150 communicare
950 2089 1244 2167 isdemque
1283 2100 1342 2151 te
1379 2090 1475 2151 vel
1516 2092 1839 2170 praeceptis
1881 2088 1977 2149 vel
2020 2089 2303 2168 exemplis

316 2175 793 2316 ffianererassuffius
840 2175 969 2251 ipse
1012 2191 1101 2232 me
1142 2190 1374 2241 monem
1437 2193 1582 2252 quae
1623 2177 1765 2234 ratio
1807 2173 1970 2234 huius
2017 2172 2300 2251 epistulae

1221 2390 1401 2451 xxv.
2322 2355 2388 2407 ²5

740 2486 794 2540 C.
833 2486 1076 2539 PLINIUS
1115 2488 1345 2541 MESSIO
1383 2490 1639 2543 MAXIMO
1675 2491 1791 2543 SUO
1826 2490 1877 2542 S.

264 2601 292 2651 1
432 2590 785 2667 Scripseram
810 2590 914 2650 tihi
944 2590 1252 2652 verendum
1285 2611 1418 2655 esse
1458 2612 1531 2654 ne
1575 2613 1650 2654 ex
1688 2597 1874 2656 tacitis
1905 2594 2187 2671 suffragiis
2221 2596 2305 2653 vi-

313 2676 446 2733 tium
474 2671 701 2752 aliquod
732 2676 1027 2736 existeret.
1071 2676 1302 2738 Factum
1332 2688 1438 2738 est.
1500 2676 1772 2739 Proximis
1819 2680 2056 2739 comitiis
2092 2681 2150 2737 in
2180 2681 2305 2756 qui-

314 2757 545 2817 busdam
575 2756 799 2819 tabellis
828 2758 998 2819 multa
1024 2761 1290 2821 iocularia
1315 2772 1486 2840 atque
1514 2764 1681 2823 etiam
1711 2761 1879 2824 foeda
1906 2763 2080 2838 dictu,
2112 2764 2169 2821 in
2192 2781 2303 2822 una
2320 2767 2390 2820 30

310 2859 449 2901 vero
478 2858 581 2920 pro
611 2842 1023 2903 candidatorum
1046 2846 1359 2906 nominihus
1383 2845 1809 2927 suffragatorum
1830 2849 2052 2906 nomina
2072 2848 2304 2907 inventa

232 2928 454 2986 '2sunt.
516 2924 831 2986 Excanduit
862 2939 1090 2989 senatus
1122 2947 1439 3007 magnoque
1470 2930 1714 2990 clamore
1746 2933 1799 2991 ei
1833 2932 1926 3010 qui
1968 2932 2305 3009 scripsisset

309 3011 505 3070 iratum
544 3012 857 3089 principem
898 3021 985 3072 est
1027 3022 1437 3092 comprecatus.
1498 3012 1606 3075 Ille
1642 3024 1826 3075 tamen
1870 3013 2079 3074 fefellit
2120 3023 2180 3074 et
2220 3014 2304 3074 la-

260 3095 433 3169 3tuit‚
462 3092 703 3155 fortasse
733 3097 903 3155 etiam
928 3098 1075 3157 inter
1103 3097 1453 3174 indignantes
1495 3097 1617 3158 fuit.
1682 3096 1828 3172 Quid
1856 3098 2004 3157 hunc
2036 3107 2303 3177 putamus

307 3176 456 3236 domi
478 3176 691 3254 facere,
724 3181 818 3258 qui
845 3181 902 3239 in
940 3190 1086 3240 tanta
1128 3199 1192 3241 re
1221 3191 1331 3240 tam
1359 3183 1510 3242 serio
1544 3191 1801 3260 tempore
1832 3191 1942 3242 tam
1983 3182 2387 3245 scurriliter35
2448 3258 2449 3261 Ἴ

305 3259 480 3339 ludat,
508 3262 601 3338 qui
631 3261 874 3340 denique
907 3267 1128 3324 omnino
1157 3266 1212 3323 in
1243 3275 1440 3325 senatu
1471 3265 1633 3326 dicax
1657 3277 1715 3326 et
1744 3267 1987 3326 urbanus
2018 3276 2078 3326 et
2107 3266 2302 3328 hellus

258 3341 440 3406 4est?
489 3342 719 3406 Tantum
764 3346 1027 3405 licentiae
1068 3350 1254 3425 pravis
1295 3349 1535 3425 ingeniis
1571 3349 1738 3410 adicit
1776 3349 1871 3410 illa
1914 3349 2115 3410 fiducia
2146 3352 2301 3429 ‘quis

305 3430 451 3489 enim
480 3426 702 3490 sciet?’
733 3428 1003 3509 Poposcit
1033 3426 1326 3507 tabellam,
1355 3431 1543 3493 stilum
1565 3436 1813 3513 accepit,
1847 3433 2070 3494 demisit
2100 3445 2297 3515 caput,

2444 3464 2447 3561 w

2442 3722 2445 3817 l
