2467 3850
672 172 1189 234 EPISTULARUM
1215 173 1286 235 11.
1318 185 1405 237 20.
1448 174 1544 235 111.
1580 187 1627 238 1.
2057 177 2140 240 43

149 335 469 405 coeperat,
503 323 754 384 medicos
783 325 1025 402 hortari,
1070 343 1274 402 rogare
1304 344 1532 404 quoquo
1563 325 1727 386 modo
1759 329 2009 405 spiritum
2040 328 2137 386 ho-

146 413 281 469 mini
312 419 705 488 prorogarem.
768 407 1068 486 Postquam
1097 412 1371 486 signatum
1397 420 1485 470 est
1513 420 1935 487 testamentum,
1967 422 2186 473 mutat8

148 511 496 572 personam,
540 494 705 553 vertit
736 492 1184 569 adlocutionem,
1229 493 1521 571 isdemque
1547 494 1780 554 medicis
1817 499 2138 573 ‘quousque

150 581 423 637 miserum
470 573 771 635 cruciatis?
810 575 942 653 quid
975 576 1233 636 invidetis
1277 577 1421 637 bona
1462 587 1641 637 morte
1674 579 1763 637 cui
1805 577 1935 637 dare
1973 580 2142 637 vitam

104 663 266 721 5‘non
300 656 627 739 potestis‘?’
678 658 912 718 Moritur
949 659 1219 736 Blaesus,
1272 670 1329 720 et
1356 670 1631 738 tamquam
1661 663 1840 720 omnia
1867 661 2139 737 audisset,

152 744 389 821 Regulo
418 761 492 802 ne
522 742 788 825 tantulum
817 743 1055 821 quidem.
1102 743 1397 804 Sufficiunt
1429 745 1571 804 duae
1603 742 1846 821 fabulae,
1878 762 1946 804 an
1975 744 2141 805 scho·
2159 757 2193 809 9

154 830 361 888 lastica
393 827 526 902 lege
558 828 775 886 tertiam
806 824 1042 904 poscis?
1085 837 1174 887 est
1205 828 1350 887 unde
1387 829 1495 887 fiat.
1542 827 1770 888 Aurelia
1789 874 1806 904 ,
1839 839 2028 888 omata
2058 828 2142 888 fe-
2162 841 2228 892 10

157 915 340 986 mina,
386 913 664 987 signatura
696 920 1083 970 testamentum
1128 920 1445 989 sumpserat
1473 911 1876 990 pulcherrimas
1905 914 2141 972 tunicas.

158 994 425 1072 Regulus
457 1010 580 1052 cum
616 996 868 1055 venisset
906 993 976 1053 ad
1005 995 1363 1071 signandum,
1409 999 1598 1071 ‘rogo’
1630 994 1821 1073 inquid
1860 996 1984 1055 ‘has
2017 996 2148 1055 mihi

87 1085 147 1137 10
161 1080 382 1156 leges’.
421 1077 650 1137 Aurelia
675 1076 869 1137 ludere
891 1077 1169 1138 hominem
1190 1079 1440 1158 putabat,
1475 1078 1574 1138 ille
1597 1081 1749 1139 serio
1777 1079 2042 1140 instabat:
2074 1086 2229 1139 nell

159 1162 373 1237 multa,
419 1163 610 1236 coegit
654 1160 943 1220 mulierem
983 1164 1199 1240 aperire
1241 1162 1458 1222 tabulas
1501 1182 1567 1222 ac
1608 1163 1714 1222 sibi
1753 1165 1969 1223 tunicas
2010 1181 2148 1241 quas

92 1304 99 1308 .
162 1255 286 1308 erat
315 1244 507 1304 induta
532 1244 756 1320 legare:
786 1245 1109 1305 observavit
1129 1247 1493 1322 scribentem,
1525 1248 1769 1324 inspexit
1797 1264 1865 1304 an
1889 1248 2150 1325 scripsis-

163 1340 275 1392 set.
335 1328 411 1390 Et
439 1327 666 1387 Aurelia
694 1328 917 1406 quidem
946 1330 1119 1405 vivit,
1169 1329 1266 1390 ille
1299 1338 1481 1390 tamen
1509 1330 1658 1390 istud
1686 1339 1961 1407 tamquam
1984 1331 2149 1388 mori-

166 1426 347 1475 turam
380 1414 592 1488 coegit.
648 1411 721 1471 Et
748 1411 840 1471 hic
864 1411 1239 1490 hereditates,
1283 1413 1374 1473 hic
1408 1413 1625 1491 legata,
1662 1416 1819 1491 quasi
1847 1423 2148 1489 mereatur,

94 1512 151 1563 15
169 1499 399 1575 accipit.
442 1486 632 1555 Ἀλλά
666 1495 733 1554 τί
761 1494 1159 1574 διατείνομαι
1189 1500 1244 1557 in
1274 1515 1340 1556 ea
1377 1499 1635 1573 civitate,
1676 1499 1732 1555 in
1762 1514 1868 1575 qua
1899 1500 2003 1556 iam
2035 1499 2146 1574 pri·
2169 1508 2234 1559 12

167 1585 299 1645 dem
326 1598 439 1640 non
471 1582 679 1638 minora
706 1581 969 1657 praemia,
999 1582 1164 1639 immo
1190 1583 1431 1657 maiora,
1460 1583 1706 1659 nequitia
1737 1591 1793 1640 et
1824 1581 2147 1659 improbitas

168 1685 334 1746 quam
356 1664 540 1743 pudor
562 1672 619 1722 et
645 1665 820 1723 virtus
843 1661 1088 1722 habent?
1112 1662 1324 1742 Aspice
1352 1663 1653 1741 Regulum,
1679 1667 1772 1741 qui
1797 1683 1871 1723 ex
1896 1682 2148 1742 paupere
2168 1670 2234 1723 13

168 1761 227 1811 et
251 1751 409 1809 tenui
445 1746 515 1806 ad
543 1756 720 1806 tantas
752 1765 893 1825 opes
924 1765 1028 1824 per
1053 1747 1260 1823 flagitia
1285 1750 1568 1824 processit
1594 1757 1655 1805 ut
1682 1749 1807 1824 ipse
1836 1747 1966 1805 mihi
1996 1747 2150 1806 dixe-

170 1837 265 1910 rit,
301 1850 428 1893 cum
461 1830 783 1890 consuleret
815 1849 976 1908 quam
1007 1832 1119 1890 cito
1144 1832 1466 1890 sestertium
1493 1832 1811 1889 sescenties
1839 1829 2151 1907 inpleturus

96 1927 358 1992 messet,
390 1916 675 1974 invenisse
697 1933 761 1975 se
787 1925 916 1974 exta
945 1913 1207 1992 duplicia,
1237 1913 1438 1993 quibus
1467 1912 1726 1991 portendi
1755 1911 1936 1973 milies
1968 1924 2025 1973 et
2053 1911 2153 1971 du·

175 2003 396 2063 centies
421 1999 749 2058 habiturum.
795 1997 868 2058 Et
890 1998 1138 2075 habebit,
1169 2000 1216 2058 si
1243 1997 1433 2073 mode,
1463 2007 1523 2057 ut
1547 1998 1759 2074 coepit,
1783 1995 1961 2055 aliena
1982 2005 2151 2056 testa·
2173 1998 2238 2051 14

171 2095 382 2158 menta,
409 2081 561 2161 quod
589 2092 676 2142 est
707 2082 1158 2160 inprobissimum
1191 2100 1372 2161 genus
1403 2080 1555 2158 falsi,
1587 2082 1729 2161 ipsis
1762 2096 1997 2162 quorum
2027 2088 2155 2139 sunt

173 2169 268 2230 illa
297 2168 608 2228 dictaverit.
673 2165 832 2227 Vale.

102 2340 163 2393 25
959 2346 1379 2355 --“-“““-“

608 2514 682 2597 e.
741 2513 964 2594 pum
1022 2512 1340 2595 mmm
1398 2472 1752 2594 sucum

106 2762 167 2816 30
414 2677 1932 2797 EPISTULARUM

897 2872 1091 2928 LIBER
1136 2869 1442 2927 TERTIUS.

1146 3031 1190 3091 I.

722 3134 773 3184 C.
812 3133 1059 3184 PLINIUS
1099 3129 1392 3181 CALVISIO
1427 3127 1544 3180 SUO
1577 3128 1630 3179 S.

238 3195 298 3294 s
309 3238 523 3298 Nescio
554 3255 623 3295 an
652 3215 1142 3312 ullumincundius
1171 3243 1394 3309 tempus
1423 3232 1710 3308 exegerim
1738 3247 1901 3308 quam
1930 3247 2041 3306 quo
2064 3246 2161 3287 nu·
2182 3242 2211 3294 1

188 3341 290 3401 per
329 3320 479 3399 apud
515 3322 844 3397 Spurinnam
882 3319 994 3395 fui,
1036 3318 1179 3378 adeo
1220 3316 1442 3393 quidem
1481 3324 1541 3373 ut
1576 3315 1853 3373 neminem
1891 3315 2068 3389 magis
2106 3314 2163 3369 in

191 3413 508 3481 senectute,
541 3406 588 3463 si
616 3403 782 3463 modo
813 3420 1118 3463 senescere
1151 3400 1334 3460 datum
1363 3409 1485 3477 est,
1514 3395 1775 3459 aemulari
1802 3394 1997 3455 velim:
2028 3392 2161 3452 nihil

113 3170 171 3224 35

30 3447 35 3574 l

2155 3727 2443 3799 1——l
