2467 3850
746 185 1268 248 PANEGYmcth
1308 195 1490 250 3133.
1505 196 1591 251 33.
2031 189 2156 255 257
2224 261 2231 280 ¹

167 338 265 415 gia
293 338 471 399 inania
498 347 558 400 et
586 356 764 400 vacua
790 350 851 399 et
871 338 1069 400 similia
1095 338 1494 417 redeuntibuS,
1525 339 1655 400 binc
1676 337 1844 418 plena
1871 350 1930 401 et
1958 352 2169 405 onusta·

170 431 233 481 et
267 421 452 500 qualia
493 422 681 484 solent
712 424 907 483 venire
939 425 1256 501 mittantur,
1313 439 1707 502 conversoque
1731 441 1964 485 munere
1990 428 2155 488 maris

168 504 303 566 hinc
333 508 521 582 potius
560 509 713 567 venti
752 507 1005 567 ferentes
1037 516 1097 566 et
1125 506 1317 568 brevis
1348 525 1547 569 cursus
1576 514 1854 585 optentur.
1932 506 2154 587 Mirum,

171 588 421 667 Caesar,
453 590 763 667 videretur,
791 593 840 650 si
872 590 1127 652 desidem
1152 590 1477 668 Aegyptum
1509 599 1942 670 cessantemque
1973 590 2159 653 Nilum

116 671 152 722 5
170 690 287 732 non
317 675 597 735 sensisset
628 675 782 734 urbis
816 691 1061 742 annona;
1104 692 1249 752 quae
1275 676 1386 735 tuis
1415 674 1652 753 opibus,
1692 684 1785 735 tua
1814 687 1947 735 cura
1975 693 2159 754 usque

33 753 64 774 ⁴
167 757 308 818 illuc
339 756 693 835 redundavit,
728 767 788 817 ut
816 755 981 818 simul
1016 758 1350 836 probaretur
1374 768 1437 818 et
1462 774 1567 819 nos
1595 757 1863 836 Aegypto
1895 776 2071 837 posse
2100 769 2160 820 et

168 842 337 901 nobis
359 841 687 920 Aegyptum
712 858 908 902 carere
930 858 1041 904 non
1062 858 1259 918 posse.
1300 841 1507 901 Actum
1529 850 1649 901 erat
1670 841 1741 902 de
1763 840 2158 904 fecundissima

168 934 378 1002 gente,
410 927 460 986 si
486 925 665 985 libera
693 924 924 986 fuisset:
967 921 1212 1002 pudebat
1242 924 1552 986 sterilitatis
1580 924 1874 1003 insolitae,
1917 945 2029 987 nec
2057 928 2157 986 mi-

166 1027 277 1068 nus
313 1008 687 1074 erubescebat
708 1008 854 1069 fame
884 1026 1045 1087 quam
1076 1009 1481 1087 torquebatur,
1514 1023 1643 1069 cum
1673 1011 1884 1086 pariter
1910 1028 1942 1069 a
1966 1019 2027 1070 te·
2056 1029 2156 1070 ne·

80 1094 152 1146 lo
171 1093 533 1154 cessitatibus
564 1094 688 1158 eius,
714 1093 1027 1171 pudorique
1059 1093 1396 1156 subventum
1423 1101 1529 1154 est.
1602 1092 1914 1171 Stupebant
1937 1095 2157 1171 agrico-

169 1175 260 1236 lae
286 1175 455 1254 plena
483 1177 719 1254 horrea,
762 1195 905 1256 quae
945 1194 1056 1236 non
1081 1179 1190 1255 ipsi
1219 1176 1624 1253 refersissent,
1673 1176 1875 1255 quibus
1906 1175 1978 1237 de
2008 1194 2156 1238 cam-

169 1262 261 1340 pis
302 1259 398 1321 illa
438 1262 713 1322 subvecta
739 1262 979 1338 messiS,
1026 1279 1207 1338 quave
1233 1264 1292 1320 in
1318 1261 1571 1338 Aegypti
1600 1271 1760 1340 parte
1787 1260 1930 1322 alius
1962 1263 2154 1321 amnis.

169 1342 562 1426 Itaqbeneficio
592 1355 691 1405 tuo
714 1363 822 1404 nec
850 1344 1092 1421 maligna
1114 1343 1310 1422 tellus,
1340 1355 1399 1406 et
1437 1345 1763 1424 obsequens
1789 1343 1949 1405 Nilus
1962 1344 2156 1421 Aegy·

171 1437 271 1507 pto
302 1428 525 1506 quidem
557 1423 776 1507 saepe,
817 1428 920 1487 sed
950 1427 1167 1505 gloriae
1206 1438 1435 1489 nostrae
1478 1446 1770 1507 numquam
1803 1427 2013 1506 largior
2054 1428 2156 1487 flu-

82 1517 151 1569 15
169 1514 269 1571 xus
312 1509 490 1584 Quam
533 1531 681 1572 nunc
720 1513 870 1571 iuvat
912 1514 1232 1590 provincias
1272 1530 1469 1573 omnes
1512 1515 1567 1571 in
1607 1512 1774 1573 fidem
1798 1523 2043 1573 nostram
2071 1511 2151 1574 di·
2174 1518 2259 1584 32

169 1597 492 1675 tionemque
519 1598 781 1671 venisse,
820 1604 1119 1673 postquam
1148 1598 1385 1671 contigit
1411 1597 1712 1674 princeps,
1756 1597 1850 1673 qui
1882 1606 2153 1657 terrarum

170 1678 570 1740 fecunditatem
589 1696 736 1738 nunc
759 1678 871 1738 huc
889 1696 1038 1738 nunc
1067 1677 1241 1755 illuc,
1284 1689 1343 1739 ut
1368 1687 1589 1757 tempus
1625 1688 1681 1740 et
1712 1680 2025 1741 necessitas
2053 1696 2155 1757 po-

172 1772 389 1840 sceret,
420 1763 749 1823 transferret
779 1760 1156 1839 referretque,
1187 1764 1282 1839 quj
1312 1761 1640 1840 diremptam
1672 1763 1806 1821 mari
1838 1772 2068 1838 gentem
2097 1771 2157 1821 ut

172 1855 390 1926 partem
426 1846 664 1926 aliquam
694 1843 891 1926 populi
922 1844 1224 1924 plebisque
1254 1843 1538 1906 Romanae
1569 1843 1749 1906 aleret
1777 1862 1845 1904 ac
1872 1843 2154 1904 tueretur!

78 1931 245 2009 20Et
275 1931 440 1990 caelo
472 1931 694 2008 quidem
711 1947 1018 2008 numquam
1045 1928 1361 2007 benignitas
1388 1940 1539 1991 tanta
1559 1939 1619 1990 ut
1642 1946 1837 1989 omnes
1858 1927 2021 1991 simul
2041 1938 2154 1988 ter·

169 2034 263 2075 ras
292 2013 516 2074 ubertet
539 2013 865 2092 foveatque:
900 2013 993 2073 hic
1016 2014 1274 2075 omnibus
1304 2015 1546 2093 pariter,
1579 2015 1760 2074 sinon
1780 2011 2154 2088 sterilitatem,

171 2108 228 2160 at
248 2096 391 2157 mala
422 2097 726 2159 sterilitatis
758 2098 1044 2161 exturbat:
1081 2096 1208 2174 hic,
1250 2099 1437 2159 sinon
1463 2095 1898 2174 fecunditatem,
1926 2105 1984 2156 at
2009 2094 2158 2155 bona

172 2182 532 2242 fecunditatis
561 2184 833 2259 inportat:
861 2181 955 2242 bic
985 2179 1215 2241 alternis
1248 2181 1652 2243 commeatibus
1676 2179 1964 2241 Orientem
1988 2178 2157 2240 Occi-

176 2266 515 2345 dentemque
557 2268 840 2344 conectit,
891 2274 952 2325 ut
979 2284 1125 2344 quae
1154 2265 1343 2326 ferunt
1371 2284 1629 2345 quaeque
1661 2273 1933 2344 expetunt
1960 2281 2157 2329 omnes

82 2354 156 2407 25
177 2357 382 2428 gentes
425 2353 668 2412 invicem
710 2353 964 2429 capiant,
1019 2359 1077 2410 et
1116 2349 1333 2411 discant
1366 2360 1571 2430 quanto
1611 2349 1870 2411 libertate
1911 2346 2157 2410 discordi

174 2436 549 2497 servientibus
579 2438 651 2496 sit
681 2435 868 2495 utilius
902 2452 1070 2494 unum
1096 2454 1230 2498 esse
1261 2437 1351 2495 cui
1379 2436 1641 2497 serviant.
1690 2432 1917 2511 Quippe
1946 2433 2158 2495 discre-

175 2519 248 2583 tis
288 2519 511 2597 quidem
550 2519 714 2580 bonis
757 2519 997 2579 omnium
1038 2538 1139 2580 sua
1168 2522 1442 2599 cuiusque
1469 2520 1540 2580 ad
1573 2517 1829 2596 singulos
1856 2516 2026 2585 mala;
2064 2532 2157 2576 so·
2179 2518 2217 2557 Γ

178 2604 336 2662 ciatis
363 2613 547 2663 autem
577 2611 744 2680 atque
773 2605 1062 2681 permixtis
1091 2602 1441 2679 singulorum
1465 2602 1608 2663 mala
1636 2601 1705 2661 ad
1737 2601 2046 2674 neminem,
2088 2597 2160 2657 ad

176 2703 372 2746 omnes
403 2688 643 2745 omnium
673 2686 820 2749 bona
853 2687 1150 2763 pertinent.
1204 2687 1321 2746 Sed
1354 2688 1477 2746 sive
1510 2685 1674 2746 terris
1702 2685 1957 2745 divinitas
1986 2698 2157 2760 quae·

87 2770 299 2831 audam
325 2770 446 2829 sive
482 2767 682 2846 aliquis
710 2768 960 2829 amnibus
995 2770 1194 2844 genius
1213 2814 1230 2845 ,
1263 2778 1322 2829 et
1361 2769 1544 2830 solum
1572 2765 1710 2827 illud
1740 2777 1799 2827 et
1834 2766 2041 2825 flumen
2073 2764 2159 2842 i-p·

178 2871 301 2916 sum
329 2870 537 2931 precor
562 2860 624 2921 ut
650 2852 757 2912 hac
784 2853 1054 2932 principis
1084 2851 1429 2928 benignitate
1461 2860 1817 2926 contentum,
1847 2847 2000 2909 molli
2029 2865 2158 2924 gre·

176 2939 288 2997 mio
319 2938 531 2998 semina
562 2934 862 3012 recondat,
879 2933 1253 3017 multiplicata
1281 2937 1556 2996 restituat.
1596 2934 1725 2995 Non
1746 2933 1968 3011 quidem
1986 2949 2157 3008 repo·

179 3022 386 3082 scimus
415 3020 610 3082 fenus:
641 3029 802 3100 putet
837 3029 1021 3081 tamen
1049 3036 1182 3079 esse
1205 3018 1571 3096 solvendum,
1603 3017 1974 3095 fallacemque
1995 3016 2157 3077 unius

178 3108 305 3166 anni
345 3106 510 3166 fldem
549 3105 810 3165 omnibus
849 3106 1006 3164 annis
1048 3103 1420 3182 omnibusque
1465 3113 1669 3184 postea
1718 3100 1961 3163 saeculis
2001 3107 2157 3161 tanto

88 3201 164 3255 35
177 3192 388 3269 magis,
420 3190 548 3268 quia
573 3206 688 3257 non
716 3189 1023 3265 exigimus,
1053 3196 1313 3248 excuset.

307 3274 452 3333 Satis
497 3273 706 3333 factum
738 3291 845 3352 qua
874 3273 1078 3331 civium
1108 3286 1216 3349 qua
1245 3273 1527 3333 sociorum
1552 3269 1894 3332 utilitatibus.
1959 3269 2153 3331 Visum
2176 3263 2257 3328 33

179 3367 271 3417 est
302 3357 689 3434 spectaculum
716 3356 846 3416 inde
871 3374 982 3416 non
1005 3374 1215 3415 enerve
1236 3374 1345 3416 nec
1375 3356 1579 3415 fluxum
1595 3400 1614 3431 ,
1644 3372 1753 3415 nec
1777 3354 1927 3434 quod
1945 3357 2156 3415 animos

182 3440 427 3581 virgi-mn
442 3441 714 3582 Emolliret
760 3452 817 3503 et
858 3439 1175 3520 frangeret,
1227 3439 1335 3503 sed
1374 3439 1525 3519 quod
1555 3439 1627 3501 ad
1665 3436 1901 3586 liqlchra
1927 3437 2157 3497 vulnera

310 3543 412 3581 mm
489 3545 541 3586 Ρ.
