2467 3850
814 172 1333 247 EPISTULARUM
1359 173 1405 235 1.
1444 184 1498 238 8.
2108 177 2147 242 7

165 330 318 399 ficile
349 336 443 389 est
474 328 737 405 optinere
766 345 839 386 ne
871 326 1112 387 molesta
1135 327 1393 388 videatur
1420 331 1601 388 oratio
1630 326 1702 387 de
1724 346 1789 389 se
1818 336 1913 388 aut
1935 328 2006 389 de
2027 333 2147 392 suis

166 408 546 475 disserentis?
587 410 728 471 Nam
756 428 882 471 cum
913 412 1025 488 ipsi
1053 410 1335 472 honestati
1361 420 1476 471 tum
1504 411 1786 490 aliquanto
1810 415 1989 490 magis
2023 414 2147 491 glo—

164 502 284 559 riae
335 498 462 556 eius
499 493 1021 575 praedicationique
1061 493 1376 556 invidemus
1409 505 1579 574 atque
1616 514 1683 556 ea
1729 493 1948 555 demum
1988 507 2148 557 recte

166 582 315 641 facta
354 581 541 640 minus
583 578 986 656 detorquemus
1032 586 1090 636 et
1135 581 1413 657 carpimus
1458 597 1603 658 quae
1634 580 1690 638 in
1720 580 2061 640 obscuritate
2091 586 2151 640 et

127 672 159 725 5
177 665 409 725 silentio
431 673 799 741 reponuntur.
840 660 964 734 Qua
991 680 1065 722 ex
1094 679 1262 723 causa
1288 680 1464 741 saepe
1485 665 1611 742 ipse
1633 679 1874 741 mecum,
1908 665 2148 724 nobisne
2165 673 2196 727 7

30 754 31 797 l
169 758 406 825 tantum,
440 746 709 826 quidquid
733 754 823 807 est
853 745 1024 822 istud,
1055 749 1432 824 conposuisse
1462 766 1531 807 an
1561 757 1620 807 et
1649 745 1774 807 aliis
1804 744 2149 808 debeamus?

168 832 246 892 Ut
271 832 463 907 nobis,
495 831 756 891 admonet
786 829 947 906 illud,
984 830 1136 908 quod
1163 828 1437 909 pleraque
1467 849 1611 909 quae
1636 840 1764 892 sunt
1792 830 2043 908 agendae
2064 832 2151 891 rei

168 916 498 976 necessaria
540 914 736 974 eadem
782 923 1010 992 peracta
1046 933 1156 975 nec
1196 914 1494 974 utilitatem
1538 932 1730 993 parem
1770 933 1880 974 nec
1922 916 2154 991 gratiam

170 1001 439 1060 retinent.
502 997 591 1057 Ac
629 1017 702 1057 ne
732 995 959 1074 longius
994 997 1253 1075 exempla
1280 1007 1602 1077 repetamus
1621 1044 1639 1075 ,
1666 997 1798 1077 quid
1826 998 2019 1059 utilius
2045 998 2200 1062 suita

100 1097 342 1161 loquam
380 1082 791 1141 munificentiae
830 1083 1107 1141 rationem
1145 1084 1316 1142 etiam
1356 1082 1489 1143 stilo
1536 1079 1848 1161 prosequi?
1892 1081 2001 1142 Per
2042 1082 2154 1143 hoc
2211 1142 2222 1147 -

174 1169 327 1227 enim
354 1165 835 1243 adsequebamur,
877 1167 1113 1243 primum
1141 1175 1201 1225 ut
1228 1165 1483 1227 honestis
1512 1166 1951 1244 cogitationibus
1980 1168 2155 1226 inmo-

173 1267 459 1326 raremur,
508 1247 712 1309 deinde
753 1258 816 1309 ut
859 1248 1330 1327 pulchritudinem
1357 1250 1578 1310 illarum
1618 1250 1878 1327 longiore
1918 1258 2156 1309 tractatu

175 1333 639 1412 pervideremuS,
676 1342 966 1411 postremo
996 1343 1055 1393 ut
1084 1334 1302 1394 subitae
1329 1333 1643 1412 largitionis
1675 1336 1936 1394 comitem
1965 1335 2154 1411 paeni-

177 1418 409 1478 tentiam
453 1434 801 1477 caveremus.
865 1415 1215 1478 Nascebatur
1257 1436 1330 1478 ex
1372 1419 1461 1480 his
1508 1406 1863 1479 exercitatio*
1885 1417 2159 1495 quaedam

99 1509 162 1563 15
178 1500 625 1561 contemnendae
664 1502 963 1580 pecuniae.
1018 1500 1158 1560 Nam
1193 1520 1321 1562 cum
1354 1520 1550 1564 omnes
1578 1502 1835 1563 homines
1867 1502 1937 1561 ad
1966 1511 2202 1566 custo-9

177 1585 326 1645 diam
363 1586 488 1645 eius
517 1594 712 1644 natura
749 1586 1138 1662 restrinxerit,
1185 1603 1292 1646 nos
1323 1596 1517 1646 contra
1544 1587 1774 1647 multum
1800 1604 1868 1646 ac
1893 1586 1987 1646 diu
2016 1602 2155 1663 pen-

178 1671 381 1731 sitatus
413 1685 567 1727 amor
596 1667 946 1729 liberalitatis
977 1670 1360 1730 communibus
1389 1672 1647 1731 avaritiae
1671 1669 1913 1731 vinculis
1945 1671 2155 1743 exime„-

177 1753 309 1829 bat,
361 1762 629 1829 tantoque
674 1750 1009 1812 laudabilior
1048 1753 1424 1813 munificentia
1454 1763 1644 1815 nostra
1684 1753 1810 1812 fore
1837 1751 2155 1829 videbatur,

181 1836 339 1915 quod
377 1835 447 1895 ad
491 1836 643 1896 illam
675 1852 788 1895 non
829 1838 1043 1914 impetu
1081 1835 1322 1914 quodam
1364 1836 1468 1897 sed
1503 1835 1743 1896 consilio
1784 1835 2154 1895 trahebamur.

104 1920 514 1981 20Accedebat
540 1919 630 1982 his
671 1921 857 1981 causis
892 1919 1045 1999 quod
1077 1937 1189 1979 non
1223 1918 1389 1981 ludos
1420 1930 1513 1980 aut
1542 1918 1886 1998 gladiatores
1916 1918 2020 1979 sed
2061 1937 2154 1978 an-
2174 1934 2240 1985 10

179 2023 329 2066 nuos
360 2014 615 2083 sumptus
655 2006 711 2064 in
744 2002 1002 2064 alimenta
1041 1997 1411 2081 ingenuorum
1454 2002 1883 2083 pollicebamur.
1947 2000 2156 2061 Oculo·

179 2107 307 2149 rum
351 2105 523 2166 porro
553 2098 612 2148 et
651 2090 866 2147 aurium
911 2087 1234 2166 voluptates
1277 2088 1419 2149 adeo
1450 2106 1562 2148 non
1605 2097 1777 2164 egent
1807 2085 2156 2156 commenda-

184 2174 375 2248 tione,
418 2181 480 2231 ut
508 2190 621 2231 non
655 2181 763 2231 tam
791 2173 1007 2232 incitari
1047 2172 1290 2232 debeant
1320 2174 1570 2232 oratione
1605 2189 1769 2249 quam
1800 2171 2058 2248 reprimi:
2095 2178 2158 2232 ut
2175 2184 2241 2235 ll

182 2274 324 2317 vero
367 2255 574 2335 aliquis
614 2255 857 2316 libenter
899 2257 1251 2316 educationis
1289 2256 1529 2316 taedium
1566 2254 1934 2333 laboremque
1977 2256 2158 2315 susci-

107 2349 168 2401 25
185 2343 337 2419 piat,
377 2358 489 2399 non
520 2341 783 2418 praemiis
822 2340 992 2399 modo
1025 2357 1222 2399 verum
1246 2342 1412 2399 etiam
1440 2341 1733 2418 exquisitis
1762 2339 2158 2400 adhortationi-

184 2425 290 2485 bus
333 2424 726 2501 inpetrandum
758 2433 868 2484 est.
927 2423 1068 2483 Nam
1102 2426 1151 2484 si
1187 2422 1393 2484 medici
1422 2422 1698 2500 salubreS‚
1733 2423 1837 2485 sed
1867 2421 2158 2502 volup-tate
2178 2433 2241 2485 12

185 2518 448 2568 carentes
477 2507 636 2568 cibos
669 2506 1053 2568 blandioribus
1083 2507 1364 2585 adloquiis
1388 2516 1783 2585 prosecuntur,
1816 2515 2019 2584 quanto
2047 2521 2158 2563 ma-

183 2594 274 2669 gis
295 2590 491 2650 decuit
510 2590 737 2668 publice
763 2590 1155 2652 consulentem
1175 2591 1530 2652 utilissimum
1547 2609 1769 2666 munus,
1790 2589 1892 2650 sed
1905 2606 2017 2649 non
2031 2605 2158 2666 per—

183 2676 316 2735 inde
371 2673 649 2752 populare
689 2678 949 2750 Q‘e
994 2669 1262 2736 orationis
1303 2672 1612 2735 inducere?
1663 2675 1994 2752 praesertim
2033 2688 2160 2730 cum

108 2758 508 2825 3oenitendum
541 2758 874 2819 haberemus
903 2768 964 2819 ut
998 2759 1149 2838 quod
1176 2759 1501 2836 parentibus
1525 2758 1755 2818 dabatur
1773 2765 1834 2816 et
1855 2756 2007 2828 orbis
2030 2750 2187 2833 pro-'

184 2843 449 2926 ᾕρευν,
499 2842 886 2920 honoremque
929 2860 1236 2921 paucorum
1280 2845 1459 2903 ceteri
1502 2845 1779 2921 patienter
1809 2849 1868 2900 et
1896 2845 2161 2918 expecta·

184 2935 311 2988 rent
338 2935 399 2985 et
429 2936 800 3014 meterentur.
838 2925 957 2987 Sed
978 2936 1040 2986 ut
1067 2936 1201 2986 tunc
1230 2926 1613 2986 communibus
1642 2926 1819 3002 magis
1855 2923 2160 2984 commodis
2180 2933 2246 2986 13

188 3027 352 3087 quam
399 3019 651 3087 privatae
685 3012 978 3071 iactantiae
1024 3009 1407 3086 studebamus,
1454 3028 1580 3070 cum
1616 3010 1982 3068 intentionem
2022 3007 2161 3067 effe-

192 3103 459 3170 ctumque
486 3097 737 3155 muneris
767 3096 945 3155 nostri
972 3093 1251 3154 vellemus
1279 3093 1559 3170 intellegi,
1589 3094 1665 3152 ita
1689 3110 1836 3151 nunc
1863 3093 1919 3151 in
1947 3092 2163 3150 ratione

134 3189 175 3238 ,ξι
194 3176 398 3237 edendi
427 3196 691 3237 veremur
728 3197 801 3237 ne
828 3177 975 3238 forte
1003 3196 1115 3238 non
1144 3177 1379 3238 aliorum
1406 3175 1734 3236 utilitatibus
1767 3175 1870 3236 sed
1899 3176 2163 3253 propriae

30 3241 33 3320 l
190 3259 337 3322 teudi
363 3263 625 3322 servisse
653 3262 957 3322 videamur.
1019 3260 1318 3330 Praeterea
1344 3260 1690 3321 meminimus
1720 3268 1925 3337 quanto
1955 3261 2163 3317 maiore

30 3325 33 3486 Ῥ
194 3347 372 3406 animo
407 3345 719 3407 honestatis
750 3345 966 3407 fructus
1010 3347 1067 3405 in
1103 3346 1448 3406 conscientia
1476 3361 1639 3423 quam
1674 3346 1732 3403 in
1759 3343 1899 3401 fama
1926 3266 2278 3423 repom-lfa.

196 3435 302 3487 tar.
343 3430 521 3508 Sequi
553 3431 701 3489 enim
729 3429 939 3507 gloria,
978 3446 1093 3489 non
1117 3429 1307 3509 adpeti
1331 3428 1537 3508 debet,
1582 3445 1692 3488 nec
1736 3428 1784 3487 si
1815 3443 1947 3485 casu
1977 3425 2162 3501 aliquo
2216 3431 2228 3520 J
