2467 3850
334 167 461 232 226
933 163 997 228 o.
1038 162 1230 226 mm
1270 163 1368 226 ΕΤ
1411 161 1723 225 TnAlAm
2451 144 2452 193 Ν

332 319 597 401 putabam
631 335 809 398 posse
853 318 911 378 in
950 329 1202 379 senatum
1239 328 1298 379 et
1341 318 1651 379 secundum
1690 314 1935 383 edictum
1976 315 2227 394 Augusti
2267 323 2330 379 et

333 403 645 466 secundum
681 402 872 481 legem
912 400 1231 481 Pompeiam
1279 402 1432 480 legi,
1484 404 1742 480 quoniam
1779 401 2070 477 Augustus
2111 419 2326 478 gerere

332 490 688 565 magistratus
714 486 1018 546 minoribus
1047 488 1202 547 aunis
1223 489 1451 563 triginta
1471 487 1846 565 permisisset,
1878 484 1975 544 lex
1996 495 2327 546 senatorem

282 588 316 639 5
335 591 469 633 esse
493 570 773 633 voluisset
801 573 894 649 qui
922 572 1202 648 gessisset
1233 572 1631 648 magistratum.
1670 567 1758 628 De
1785 571 1853 629 iis
1883 570 2189 646 autem-qui
2210 587 2328 628 non

332 657 682 734 gessissent,
737 656 986 733 quamvis
1040 664 1236 715 essent
1277 656 1475 714 aetatis
1518 652 1771 714 eiusdem
1793 654 1952 713 cuius
1993 651 2074 710 illi
2115 652 2374 729 quibus5

332 757 540 817 gerere
579 740 914 818 permissum
951 748 1063 816 est,
1105 736 1479 807 haesitabam;
1526 755 1633 816 per
1666 734 1817 814 quod
1848 736 2116 795 effectum
2144 746 2238 796 est
2267 746 2330 797 ut

331 833 427 900 te,
472 822 726 900 domine,
769 821 1130 883 consulerem
1167 822 1300 900 quid
1330 822 1632 882 observari*
1648 818 1853 880 velles.
1918 817 2119 898 Capita
2148 819 2325 899 legis,

333 916 451 970 tum
481 906 725 971 edictum
753 904 996 984 Augusti
1021 904 1223 969 litteris
1254 906 1491 967 subieci.

1008 1023 1230 1091 Lxxx.
1255 1021 1631 1104 [Lxxxn11.1
2135 1094 2142 1095 f

974 1121 1299 1176 TRAIANUS
1345 1123 1558 1175 PLINIO
1605 1123 1660 1175 S.
2339 1128 2401 1180 10

448 1211 901 1290 Interpretationi
952 1221 1116 1289 tuae,
1169 1216 1244 1271 mi
1284 1209 1547 1273 Secunde
1592 1209 1879 1272 carissime
1918 1252 1935 1268 .
1958 1254 1971 1267 .
2000 1251 2016 1268 .
2058 1210 2324 1270 existimo

331 1297 604 1360 hactenus
638 1294 826 1354 edicto
871 1295 982 1355 divi
1019 1296 1263 1373 Augusti
1304 1304 1562 1354 novatam
1603 1312 1737 1355 esse
1777 1293 1966 1370 legem
1997 1291 2325 1373 Pompeiam

331 1389 394 1440 ut
415 1380 791 1456 magistratum
821 1378 1045 1456 quidem
1070 1397 1279 1457 capere
1314 1388 1551 1456 possent
1579 1379 1618 1437 ii
1647 1379 1740 1455 qui
1767 1395 1879 1436 non
1902 1378 2152 1438 minores
2184 1378 2323 1438 duo-

330 1480 453 1522 rum
482 1470 541 1522 et
571 1463 765 1538 viginti
805 1480 1071 1522 annorum
1101 1472 1331 1539 essent,
1382 1472 1440 1523 et
1475 1463 1569 1540 qui
1602 1463 1925 1539 cepissent,
1968 1461 2024 1519 in
2064 1469 2324 1520 senatum

334 1547 606 1624 cuiusque
637 1546 874 1607 civitatis
904 1550 1287 1625 pervenirent.
1353 1543 1622 1607 Ceterum
1649 1562 1763 1604 non
1793 1553 1959 1623 capto
1990 1546 2321 1622 magistratu
2339 1549 2399 1602 15

335 1647 437 1690 eos
467 1630 561 1707 qui
588 1630 834 1691 minores
877 1632 1101 1708 triginta
1140 1647 1410 1691 annorum
1448 1630 1591 1706 sint,
1648 1630 1775 1706 quia
1813 1629 2196 1704 magistratum
2230 1646 2320 1687 ca-

333 1732 473 1791 pere
516 1715 770 1792 possint,
816 1716 875 1776 in
932 1717 1140 1775 curiam
1194 1715 1365 1775 etiam
1417 1713 1531 1773 loci
1582 1714 1854 1792 cuiusque
1896 1728 2011 1771 non
2055 1712 2321 1772 existimo

331 1795 448 1877 legi
475 1815 670 1876 posse.

1003 1879 1251 1943 LXXXI.
1295 1878 1618 1961 [LXXXV.]

770 1978 824 2034 c,
860 1978 1110 2032 PLmlus
1144 1980 1433 2032 TssAnmo
1465 1978 1875 2032 mPnRATom.
2336 2007 2403 2058 20

282 2096 313 2151 1
457 2079 596 2142 Cum
624 2081 834 2144 Prusae
864 2083 934 2143 ad
963 2083 1296 2164 Olympum,
1326 2085 1584 2164 domine,
1629 2085 1874 2165 publicis
1900 2086 2148 2162 negotiis
2175 2086 2319 2143 intra

332 2164 634 2243 hospitium
665 2167 867 2230 eodem
897 2167 990 2227 die
1018 2169 1271 2228 exiturus
1301 2188 1592 2246 vacarem,
1622 2167 1997 2246 Asclepiades
2027 2171 2318 2245 magistra-

333 2257 425 2308 tus
465 2248 729 2310 indicavit
768 2249 1110 2328 appellatum
1148 2270 1237 2311 me
1278 2271 1311 2312 a
1356 2251 1590 2313 Claudio
1630 2251 1929 2330 Eumolpo.
1997 2250 2140 2312 Cum
2170 2249 2319 2312 Coc·

337 2332 566 2391 ceianus
593 2331 742 2396 Dion
770 2336 826 2392 in
855 2333 987 2395 bule
1016 2334 1299 2412 adsignari
1339 2338 1551 2397 civitati
1592 2353 1734 2414 opus
1768 2338 1926 2395 cuius
1962 2353 2153 2395 curam
2181 2352 2318 2411 ege-

331 2422 418 2473 rat
446 2413 658 2491 vellet,
689 2424 805 2475 tum
833 2415 1146 2498 Eumolpus
1174 2418 1455 2481 adsistens
1485 2420 1678 2480 Flavio
1709 2418 2000 2497 Archippo
2030 2419 2170 2479 dixit
2200 2420 2317 2478 exi·
2334 2428 2396 2480 25

334 2497 573 2574 gendam
603 2517 736 2559 esse
766 2518 798 2560 a
827 2499 1009 2562 Dione
1040 2504 1313 2562 rationem
1344 2505 1535 2582 operis
1577 2512 1705 2564 aute
1745 2522 1910 2582 quam
1935 2505 2020 2563 rei
2049 2502 2314 2581 publicae

282 2581 678 2660 2traderetur,
729 2584 880 2663 quod
921 2585 1084 2647 aliter
1122 2585 1364 2648 fecisset
1403 2606 1471 2648 ac
1511 2588 1818 2648 debuisset.
1877 2585 2106 2647 Adiecit
2150 2588 2316 2646 etiam

333 2685 467 2727 esse
517 2668 574 2726 in
614 2667 758 2728 aede
797 2671 1038 2747 positam
1087 2679 1234 2729 tuam
1287 2680 1522 2730 statuam
1562 2680 1621 2732 et
1662 2688 1900 2749 corpora
1939 2670 2314 2748 sepultorum,

334 2752 525 2812 uxoris
554 2749 752 2812 Diouis
780 2761 837 2812 et
865 2752 996 2830 filii,
1027 2752 1447 2833 postulavitque
1477 2764 1537 2814 ut
1569 2771 1978 2832 cognoscerem
2006 2772 2113 2832 pro
2142 2754 2316 2814 tribu·

285 2833 468 2895 anuli.
535 2833 700 2907 Quod
730 2851 855 2895 cum
885 2854 997 2914 ego
1027 2853 1118 2896 me
1159 2840 1414 2916 protinus
1443 2838 1716 2899 facturum
1745 2837 2153 2916 dilaturumque
2183 2848 2393 2916 pro-30

336 2914 641 2978 sectionem
666 2918 956 2996 dixissem,
988 2929 1048 2980 ut
1074 2919 1388 2997 longiorem
1420 2920 1568 2981 diem
1597 2922 1667 2981 ad
1687 2921 2066 2983 instruendam
2091 2938 2316 2981 causam

287 2994 528 3057 4darem
565 3010 735 3079 utque
777 3006 834 3061 in
876 3002 985 3063 alia
1011 3005 1235 3064 civitate
1266 3021 1677 3081 cognoscerem
1705 3007 1885 3085 petiit.
1940 3004 2070 3083 Ego
2099 3023 2191 3066 me
2221 3023 2316 3064 au·

341 3075 577 3174 diturum
606 3083 850 3146 Nicaeae
879 3086 1164 3165 respondi.
1231 3088 1342 3148 Ubi
1374 3108 1509 3149 cum
1538 3088 1927 3150 consedissem
1960 3090 2313 3166 cogniturus,

336 3157 486 3216 idem
511 3160 843 3245 Eumolpus,
874 3178 1148 3248 tamquam
1183 3172 1278 3248 [si]
1307 3172 1487 3232 adhuc
1515 3190 1709 3251 parum
1737 3176 2064 3250 instructus,
2098 3172 2313 3234 dilatio·

291 3253 469 3304 ranem
494 3253 693 3340 petere
723 3254 941 3328 coepit:
983 3263 1177 3313 contra
1214 3254 1363 3315 Dion
1405 3265 1464 3315 ut
1504 3256 1788 3316 audiretur
1830 3258 2087 3335 exigere.
2146 3255 2393 3321 Dicta35

342 3330 469 3418 suut
499 3331 770 3402 utumque
798 3332 998 3410 multa,
1044 3338 1208 3395 etiam
1236 3337 1310 3397 de
1348 3356 1531 3399 causa.
1598 3338 1726 3417 Ego
1759 3358 1885 3400 cum
1915 3339 2148 3399 dandam
2179 3338 2315 3401 dila·

341 3412 551 3467 nonem
575 3414 637 3471 et
664 3416 721 3468 te
751 3415 1150 3479 consulendum
1178 3421 1552 3486 existimarem
1579 3425 1635 3484 in
1664 3440 1727 3484 re
1747 3423 1820 3484 ad
1841 3422 2164 3508 exemplum
2184 3441 2316 3506 per·
