2467 3850
455 175 974 240 EPISTULARUM
1005 186 1252 242 9.—-16.
1289 179 1524 256 [5.--9.
1553 183 1859 259 25.-27.]
2025 181 2150 246 203

168 331 483 407 nacissima‚
513 348 722 409 preces
750 338 969 391 nostras
999 329 1312 391 inhaerere.
1374 330 1517 405 Quia
1556 341 1740 393 tamen
1781 335 1838 393 in
1867 333 1978 395 hoc
2010 353 2148 413 quo·

170 435 282 495 que
311 414 624 493 indulsisti,
656 414 933 477 admoneo
961 413 1123 476 simul
1154 425 1212 475 et
1241 417 1478 494 inpense
1520 434 1666 494 rogo
1700 426 1762 477 ut
1800 418 2012 478 Attium
2042 419 2146 479 Su-

170 517 286 561 ram
313 509 573 578 praetura
600 516 873 559 exornare
903 499 1184 576 digneriS‚
1228 516 1355 558 cum
1393 499 1557 561 locus
1596 511 1783 561 vacet.
1844 501 1934 563 Ad
1982 520 2146 582 quam

171 601 334 664 spem
371 582 579 660 alioqui
620 584 1023 660 quietissimum
1067 583 1319 642 hortatur
1374 593 1431 647 et
1479 584 1739 645 natalium
1780 584 2049 665 splendor
2088 597 2148 647 et

117 673 380 729 5summa
410 668 700 744 integritas
728 666 785 725 in
819 675 1153 745 paupertate
1183 676 1242 727 et
1279 676 1406 727 ante
1439 669 1619 728 omnia
1646 668 1896 730 felicitas
1925 678 2145 749 tempo-

169 768 324 828 rum,
366 767 509 828 quae
543 750 746 811 honam
776 751 1175 813 conscientiam
1205 751 1407 810 civium
1435 761 1654 813 tuorum
1684 753 1754 815 ad
1779 772 1940 814 usum
1967 752 2145 815 indul·

170 837 394 914 gentiae
422 844 552 895 tuae
577 840 852 915 provocat
874 844 934 895 et
963 833 1181 895 attollit.

958 966 1116 1028 xm.
1155 967 1351 1049 [vm]

85 1098 158 1152 lo
612 1064 667 1116 G.
703 1064 951 1117 PLINIUS
980 1065 1263 1117 TRAIANO
1298 1066 1709 1118 IMPERATORI.

296 1166 436 1228 Cum
477 1168 679 1245 sciam,
726 1168 981 1246 domine,
1023 1169 1093 1230 ad
1133 1171 1514 1230 testimonium
1554 1168 1888 1250 laudemque
1931 1191 2143 1233 morum

166 1269 420 1312 meorum
454 1254 740 1331 pertinere
786 1262 894 1313 tam
931 1254 1066 1312 boni
1106 1254 1381 1332 principis
1421 1252 1629 1313 iudicio
1671 1257 1962 1333 exornari,
2001 1275 2144 1335 rogo

168 1337 421 1415 dignitati
463 1335 534 1396 ad
577 1354 740 1414 quam
780 1355 870 1396 me
911 1339 1170 1416 provexit
1197 1337 1542 1414 indulgentia
1576 1348 1668 1399 tua
1693 1338 1788 1399 vel
1823 1351 2147 1418 auguratum

168 1420 263 1480 vel
293 1422 748 1499 septemviratum
767 1465 785 1497 ‚
818 1423 948 1498 quia
978 1430 1213 1498 vacant,
1246 1420 1471 1481 adicere
1503 1421 1784 1501 digneris,
1811 1434 1874 1484 nt
1907 1427 2027 1485 iure
2058 1442 2145 1486 sa-

86 1520 154 1574 15
171 1504 407 1564 cerdotii
446 1507 667 1583 precari
687 1503 840 1564 deos
869 1522 974 1583 pro
1002 1513 1059 1565 te
1097 1504 1329 1584 publice
1360 1508 1605 1583 possim,
1649 1524 1793 1585 quos
1827 1527 1975 1570 nunc
2016 1527 2145 1589 pre-

171 1605 276 1649 cor
302 1590 513 1666 pietate
545 1590 779 1669 privata.

874 1762 877 1765 ,
935 1685 1119 1751 X1111.
1163 1686 1391 1767 [vnn]

604 1787 658 1838 C.
690 1785 936 1838 PLINIUS
966 1786 1257 1838 TRAIANO
1295 1785 1706 1839 lMPERATORI.

294 1890 583 1953 Victoriae
620 1900 790 1969 tuae,
826 1891 1034 1971 optime
1074 1891 1409 1970 imperator,
1441 1891 1709 1951 maximae
1739 1891 2144 1970 pulcherrimae

81 1977 590 2056 20antiquissimae
621 1985 678 2036 et
717 1985 815 2035 tuo
856 1977 1081 2035 nomine
1113 1985 1169 2035 et
1196 1977 1285 2034 rei
1321 1974 1582 2054 publicae
1611 1975 1861 2053 gratulor
1891 1976 2145 2054 deosque

167 2061 489 2122 inmortales
532 2078 740 2140 precor
772 2067 833 2119 ut
873 2077 1066 2119 omnes
1109 2061 1483 2136 cogitationes
1522 2068 1643 2119 tuas
1682 2069 1793 2120 tam
1829 2060 2010 2121 laetus
2054 2079 2147 2120 se-

169 2155 369 2224 quatur
404 2153 673 2222 eventus,
716 2153 776 2204 ut
815 2144 1115 2204 virtutibus
1155 2146 1323 2204 tantis
1352 2142 1533 2222 gloria
1576 2145 1883 2224 imperii-et
1910 2153 2147 2205 novetur

170 2238 231 2291 et
256 2237 544 2308 augeatur.

952 2310 1072 2372 XV.
1117 2308 1366 2389 [xxvl.]

80 2411 155 2464 25
606 2409 659 2460 G.
697 2407 945 2461 PLINIUS
976 2409 1261 2461 TRAIANO
1303 2410 1710 2465 IMPERATORI.

298 2512 444 2586 Quia
487 2512 743 2590 confide,
787 2512 1039 2589 domine,
1083 2512 1153 2575 ad
1192 2532 1380 2573 curam
1413 2523 1562 2574 tuam
1590 2516 1908 2593 pertinere,
1951 2513 2154 2592 nuntio&

167 2597 271 2658 tibi
291 2615 382 2657 me
401 2595 694 2675 Ephesum
722 2614 848 2656 cum
881 2597 1134 2656 omnibus
1163 2599 1305 2657 meis
1335 2587 1504 2675 ὑπὲρ
1527 2593 1807 2658 Μαλέαν
1828 2597 2142 2672 navigasse.

171 2681 436 2755 Quamvis
472 2681 761 2739 contrariis
789 2682 972 2739 ventis
994 2688 1271 2756 retentus,
1301 2698 1449 2739 nunc
1478 2680 1697 2740 destino
1726 2681 1921 2758 partim
1949 2677 2145 2736 orariis

169 2765 404 2826 navibus
438 2764 635 2841 partim
659 2761 936 2823 vehiculis
974 2764 1316 2840 provinciam
1343 2773 1563 2841 petere.
1615 2762 1755 2823 Nam
1784 2764 1930 2820 sicut
1958 2760 2145 2819 itineri

79 2863 380 2929 3ograves
408 2855 600 2907 aestus
626 2847 701 2905 ita
732 2847 1029 2905 continuae
1055 2847 1393 2922 navigationi
1421 2846 1633 2906 etesiae
1657 2845 2011 2905 reluctantur.

922 2977 1070 3039 xvt.
1120 2977 1400 3057 [xxm]

836 3075 1158 3127 TRAIANUS
1185 3075 1395 3128 PLINIO
1432 3075 1484 3129 S.

290 3180 474 3241 Recte
503 3178 850 3255 renuntiasti,
880 3180 955 3239 mi
985 3177 1248 3239 Secunde
1280 3178 1586 3239 carissime.
1629 3176 1875 3236 Pertinet
1905 3177 2051 3236 enim
2073 3177 2148 3238 ad

81 3279 154 3333 35
168 3267 409 3328 animum
428 3282 613 3323 meum
642 3262 792 3341 quali
830 3265 1029 3324 itinere
1065 3263 1130 3323 in
1159 3264 1503 3341 provinciam
1530 3262 1847 3341 pervenias.
1899 3260 2144 3321 Pruden-

168 3360 262 3411 ter
291 3358 474 3409 autem
498 3349 793 3410 constituis
817 3349 1040 3409 interim
1058 3349 1292 3410 navibus
1316 3348 1535 3408 interim
1554 3344 1832 3406 vehiculis
1853 3347 1954 3423 uti,
1982 3353 2150 3423 prout

169 3435 306 3495 loca
333 3435 628 3495 suaserint.
