2467 3850
657 167 1192 244 EPISTULARUM.
1218 182 1344 243 1111.
1389 193 1470 245 is.
1504 193 1585 248 19.
2039 186 2119 249 st

1079 336 1160 395 V-
1188 336 1231 395 I.

527 433 582 487 C.
630 434 877 485 PLINIUS
911 336 1110 485 ΑΒῙΞΙζῡ
1132 336 1473 485 ΙιξΝΤΟΝΙΝΟ
1511 432 1628 485 SUO
1667 432 1718 484 S.

251 552 737 626 Quemadmodum
763 554 942 630 magis
975 553 1290 631 adprobare
1314 553 1419 612 tibi
1440 570 1674 631 possum
1703 561 1907 630 quanto
1939 570 2118 630 opere
2140 574 2169 625 1

91 639 301 697 5mirer
350 640 753 715 epigrammata
807 647 899 698 tua
952 636 1166 698 Graeca
1213 652 1378 715 quam
1428 637 1579 715 quod
1621 637 1889 715 quaedam
1924 636 2119 698 Latine

128 720 398 781 aemulari
436 731 495 781 et
534 724 855 800 exprimere
895 718 1205 801 temptavi?
1257 723 1317 780 in
1346 720 1600 782 deterius
1630 732 1835 781 tamen.
1896 721 2121 781 Accidit

128 805 242 865 hoc
275 806 516 883 primum
545 804 915 867 inbecillitate
944 807 1156 883 ingenii
1190 807 1324 882 mei,
1357 803 1563 865 deinde
1592 807 1783 883 inopia
1817 824 1882 865 ac
1906 808 2117 884 potiuS‚

131 899 191 949 ut
215 889 517 949 Lucretius
546 893 654 967 ait,
685 900 944 968 egestate
973 892 1137 969 patrii
1169 889 1468 949 sermonis.
1528 889 1695 961 Quod
1725 891 1773 950 si
1803 889 1946 949 haec
1975 908 2120 969 quae
2138 910 2172 960 2

130 983 260 1034 sunt
302 983 362 1033 et
399 973 586 1034 Latina
628 983 685 1034 et
725 993 850 1034 mea
892 973 1106 1034 habere
1133 974 1237 1034 tibi
1267 972 1477 1051 aliquid
1509 975 1820 1034 venustatis
1852 974 2123 1034 videbun-

57 1072 116 1123 ιο
131 1067 252 1134 tur,
296 1066 557 1135 quantum
600 1069 763 1136 putas
804 1060 996 1118 inesse
1038 1061 1107 1119 iis
1150 1058 1367 1135 gratiae
1399 1076 1541 1135 quae
1569 1067 1773 1118 etate
1807 1068 1865 1118 et
1905 1056 2122 1118 Graece

132 1138 537 1220 proferuntur?
597 1141 758 1202 Vale.

1012 1290 1143 1351 xvl
1229 1334 1244 1349 .

389 1388 442 1441 C.
483 1386 732 1440 PLINIUS
771 1290 1568 1441 CALPURNIAllzl-IHISPULLAE
1605 1389 1771 1441 SUAE
1808 1388 1863 1442 S.

55 1523 114 1574 15
259 1505 404 1565 Cum
447 1508 529 1568 sis
563 1497 791 1583 pietatis
822 1500 1143 1586 exemplum
1173 1509 1516 1587 fratremque
1550 1510 1816 1586 optimum
1848 1518 1907 1568 et
1940 1527 2167 1579 aman-1

131 1591 408 1650 tissimum
448 1591 525 1650 tui
568 1592 687 1668 pari
733 1593 965 1664 caritate
1000 1556 1267 1653 dilex'eris
1296 1591 1578 1670 filiamque
1614 1594 1738 1653 eius
1768 1601 1827 1651 ut
1860 1601 2008 1653 tuam
2038 1595 2120 1653 di·

132 1675 277 1750 ligas
303 1693 414 1734 nec
444 1683 651 1734 tantum
678 1677 875 1735 amitae
906 1678 960 1736 ei
986 1676 1271 1737 adfectum
1298 1693 1495 1735 verum
1530 1677 1697 1735 etiam
1724 1677 1900 1753 patris
1932 1681 2122 1739 amissi

130 1768 557 1836 repraesentes,
590 1776 703 1818 non
731 1759 925 1822 dubito
953 1761 1189 1820 maximo
1213 1760 1315 1819 tibi
1337 1759 1541 1836 gaudio
1570 1759 1718 1835 fore,
1750 1777 1876 1818 cum
1906 1777 2121 1837 cogno-

127 1844 284 1903 veris
314 1842 535 1918 dignam
563 1853 743 1920 patre,
777 1843 1106 1920 dignam‘te,
1138 1844 1361 1921 dignam
1392 1859 1498 1902 avo
1531 1843 1797 1903 evadere.
1840 1842 2121 1903 Summum
2140 1862 2173 1913 2

53 1936 221 1998 zoest
249 1945 523 2005 acumen,
560 1946 769 1988 summa
799 1928 1121 2005 frugalitas:
1169 1938 1313 1988 amat
1346 1946 1469 2004 me,
1503 1929 1655 2006 quod
1683 1927 1952 1987 castitatis
1982 1929 2119 1989 indi·

129 2013 280 2071 cium
313 2020 419 2075 est.
461 2011 703 2072 Accedit
727 2012 816 2072 his
850 2013 1095 2073 studium
1127 2014 1457 2089 litterarum,
1490 2011 1642 2090 quod
1663 2030 1736 2071 ex
1757 2012 1868 2070 mei
1892 2014 2119 2073 caritate

127 2098 421 2173 con'cepit.
463 2094 628 2175 Meos
660 2095 891 2157 libellos
918 2096 1120 2172 habet,
1146 2097 1385 2173 lectitat,
1413 2096 1617 2157 ediscit
1646 2097 1831 2156 etiam.
1876 2095 1999 2168 Qua
2026 2097 2120 2157 illa
2138 2112 2173 2165 3

17 2236 20 2243 .
127 2178 535 2256 sollicitudine,
569 2198 692 2239 cum
721 2181 922 2241 videor
949 2191 1197 2257 acturus,
1228 2189 1458 2257 quant0,
1490 2198 1618 2239 cum
1640 2182 1757 2257 egi,
1787 2180 1994 2258 gaudio
2026 2180 2121 2240 ad-

128 2264 340 2333 ficitur'
386 2264 652 2341 Disponit
683 2266 779 2342 qui
817 2267 1071 2326 nuntient
1112 2266 1222 2326 sibi
1250 2282 1418 2344 quem
1456 2264 1789 2340 adsensum,
1833 2283 1978 2342 quos
2010 2265 2122 2325 cla-

51 2362 110 2413 25
125 2366 322 2425 mores
370 2350 690 2425 excitarim,
733 2367 903 2427 quem
946 2358 1209 2409 eventum
1246 2349 1436 2409 iudicii
1475 2348 1716 2410 tulerim.
1772 2310 2027 2426 ⁴Eadem,
2074 2350 2125 2409 si

127 2432 355 2530 quando
393 2433 609 2510 recito,
650 2434 707 2492 in
747 2434 1002 2510 proximo
1037 2433 1288 2494 discreta
1326 2433 1654 2495 velo'sedet
1683 2433 1993 2512 laudesque
2022 2450 2122 2493 no-

128 2503 277 2577 sti-as
307 2516 643 2578 avidissimis
687 2518 911 2577 auribus
950 2520 1177 2596 excipit.
1242 2517 1458 2578 Versus
1496 2518 1721 2596 quidem
1749 2535 1908 2578 meos
1940 2526 2175 2582 cantat4

125 2602 299 2660 etiam
332 2599 642 2679 formatque
667 2600 897 2677 cithara,
923 2619 1032 2661 non
1061 2603 1274 2663 artifice
1295 2601 1496 2702 aliquo
1512 2601 1754 2661 docente
1778 2603 1881 2662 sed
1904 2619 2120 2678 amore,

126 2686 224 2762 qui
255 2686 530 2760 magister
557 2696 646 2746 est
680 2689 943 2764 optimus,
1007 2685 1110 2746 His
1150 2705 1224 2746 ex
1254 2689 1438 2747 causis
1480 2687 1536 2745 in
1564 2702 1728 2763 spem
1757 2688 2123 2745 certissimam
2142 2699 2174 2750 5

52 2767 384 2834 3oadducor
401 2780 733 2847 perpetuam
759 2771 925 2830 nobis
948 2771 1328 2848 maioremque
1352 2771 1407 2830 in
1430 2769 1553 2830 dies
1574 2769 1810 2829 futuram
1834 2787 1967 2828 esse
1991 2787 2123 2829 con-

128 2853 399 2912 cordiam.
455 2852 584 2913 Non
622 2856 771 2914 enim
812 2862 1053 2914 aetatem
1080 2871 1260 2913 meam
1287 2863 1381 2913 aut
1414 2871 1645 2932 corpus,
1687 2870 1830 2930 quae
1860 2852 2123 2930 paulatim

17 2940 18 2945 ’
128 2936 402 2997 occidunt
445 2955 513 2997 ac
556 2949 896 3016 senescunt,
942 2938 1044 2998 sed
1085 2937 1320 3014 gloriam
1358 2935 1558 3014 diligit.
1621 2935 1746 2994 Nec
1777 2935 1925 2996 aliud
1957 2937 2176 3002 decct6

17 3014 19 3041 '
123 3023 242 3081 tuis
274 3021 533 3081 manibus
564 3020 888 3098 educatam,
931 3023 1042 3082 tuis
1077 3022 1404 3099 praeceptis
1433 3022 1773 3096 institutam,
1806 3037 1952 3099 quae
1987 3021 2124 3082 nihil

17 3100 22 3119 ¹
129 3107 187 3164 in
224 3105 599 3166 contubernio
640 3115 737 3166 tuo
779 3107 985 3166 viderit
1024 3107 1133 3165 nisi
1177 3113 1429 3164 sanctum
1478 3103 1927 3182 honestumque,
1977 3123 2123 3183 quae

17 3224 20 3229 .
48 3196 109 3250 35
125 3187 382 3268 denique
414 3207 598 3250 amare
629 3208 718 3250 me
749 3209 822 3249 ex
850 3200 945 3250 tua
973 3188 1395 3268 praedicatione
1418 3190 1796 3250 consueverit.
1834 3188 1974 3248 Nam
1999 3208 2124 3248 cum
2143 3197 2174 3252 7

59 3314 65 3321 -
125 3282 367 3334 matrem
406 3292 588 3333 meam
629 3276 881 3352 parentis
925 3274 1057 3333 loco
1100 3272 1419 3346 verereris,
1473 3289 1564 3331 me
1594 3289 1628 3331 3
1660 3274 1902 3351 pueritia
1939 3275 2126 3333 statim

128 3357 401 3433 formare,
434 3357 660 3419 laudare
696 3358 977 3436 talemque
1008 3355 1189 3434 qualis
1219 3374 1365 3415 nunc
1393 3357 1552 3416 uxori
1579 3373 1738 3415 meae
1759 3356 1962 3417 videor
1984 3359 2122 3416 omi·

123 3444 251 3501 nari
296 3441 547 3503 solebas.
627 3439 896 3504 Certatim
936 3458 1075 3518 ergo
1123 3441 1223 3501 tibi
1263 3441 1470 3518 gratias
1516 3442 1730 3519 agimus
1746 3457 1931 3583 ,6ego
1976 3439 2176 3516 quoda

211 3530 363 3584 Pmm
392 3531 492 3584 ΕΡ.
