2467 3850
654 205 1173 269 EPISTULARUM
1201 204 1352 268 VIII.
1384 220 1433 270 1.
1461 219 1515 270 2.
1538 217 1589 270 3.
1616 217 1669 271 4.
1834 303 1840 309 ἱ
2027 208 2146 272 155

168 369 385 423 emerat
421 359 717 421 concessi:
759 359 961 419 deinde
992 360 1080 420 his
1121 361 1216 436 qui
1246 359 1612 438 amplissimas
1644 377 1884 421 summas
1910 363 2146 438 emptio-

168 447 336 505 nibus
367 453 779 523 occupaverant
814 442 1417 521 separatimconsului.
1472 442 1613 502 Nam
1647 454 1702 504 et
1730 462 1819 504 me
1850 444 2028 521 magis'
2063 445 2145 503 iu-

168 537 368 588 verant
409 537 469 588 et
509 530 683 587 maius
721 529 831 605 ipsi
871 527 1123 586 fecerant
1157 527 1427 586 damnum.
1489 525 1667 604 Igitur
1705 528 1791 588 his
1826 529 1922 604 qui
1966 527 2199 606 pluris4

171 628 337 691 quam
378 611 580 672 decem
619 609 845 670 milibus
901 619 1147 670 emerant
1200 608 1270 669 ad
1310 610 1463 669 illam
1504 627 1851 670 communem
1889 619 1947 670 et
1990 613 2150 688 quasi

124 693 456 775 5puhlicam
496 704 746 755 octavam
785 692 969 752 addidi
1011 695 1297 753 decumam
1342 696 1462 753 eius
1513 711 1756 755 summae
1801 711 1907 771 qua
1950 695 2149 753 decem

172 778 322 838 milia
351 787 739 839 excesserant.
774 776 994 836 Vereor
1019 795 1092 836 ne
1114 795 1307 855 parum
1334 780 1738 856 expresserim
1767 778 2013 855 apertius
2036 776 2149 838 cal·
2168 786 2199 838 5

171 862 335 921 culos
361 860 664 921 ostendam.
714 860 773 918 Si
803 862 899 938 qui
925 859 1073 919 forte
1101 859 1420 938 quindecim
1445 860 1664 920 milibus
1694 869 1973 937 emerant,
2005 860 2060 919 hi
2091 869 2150 921 et

172 945 493 1023 quindecim
516 943 734 1003 milium
764 952 1017 1004 octavam
1058 953 1117 1003 et
1158 945 1402 1022 quinque
1443 944 1651 1005 milium
1691 944 1960 1004 decimam
2005 943 2149 1003 tule-

169 1037 319 1089 runt.
380 1027 707 1104 Praeterea,
753 1044 877 1087 cum
916 1037 1239 1105 reputarem
1269 1027 1536 1103 quosdam
1575 1045 1647 1087 ex
1679 1026 1868 1087 debito
1900 1025 2197 1105 aliquan-6

91 1120 324 1188 lotum,
359 1111 629 1187 quosdam
661 1110 902 1189 aliquid,
946 1109 1217 1187 quosdam
1241 1110 1377 1169 nihil
1408 1113 1769 1189 reposuisse,
1800 1128 2149 1189 nequaquam

173 1213 371 1255 verum
398 1194 719 1271 arbitrabar,
752 1212 893 1271 quos
922 1211 1034 1253 non
1064 1202 1364 1272 aequasset
1398 1194 1538 1254 fides
1568 1195 1883 1271 solutionis,
1913 1194 2018 1254 hos
2048 1194 2148 1254 be-

172 1280 441 1356 nignitate
481 1280 826 1338 remissionis
863 1295 1124 1355 aequare.
1186 1276 1402 1337 Rursus
1444 1296 1588 1354 ergo
1616 1278 1705 1338 his
1737 1281 1830 1356 qui
1866 1277 2197 1338 solverant'l

175 1364 300 1422 eius
334 1360 485 1438 quod
513 1360 796 1421 solverant
825 1361 1097 1420 decimam
1119 1362 1331 1421 remisi.
1392 1360 1502 1421 Per
1538 1361 1650 1420 hoc
1683 1365 1828 1422 enim
1856 1363 2146 1439 aptissime

175 1454 234 1505 et
263 1447 320 1505 in
349 1446 708 1522 praeteritum
740 1443 976 1522 singulis
1015 1461 1119 1522 pro
1163 1446 1440 1521 cuiusque
1470 1447 1673 1505 merito
1707 1447 1884 1522 gratia
1922 1444 2146 1521 referri,

92 1537 156 1591 15
174 1538 233 1588 et
267 1530 323 1587 in
354 1527 595 1588 futurum
625 1545 818 1587 omnes
852 1546 978 1587 cum
1010 1526 1079 1586 ad
1121 1527 1414 1587 emendum
1453 1537 1566 1587 tum
1610 1531 1774 1588 etiam
1812 1528 1881 1588 ad
1923 1528 2147 1588 solven-

174 1612 303 1671 dum
333 1611 482 1670 allici
508 1611 852 1670 videbantur.
895 1610 1101 1688 Magno
1136 1611 1268 1669 mihi
1300 1631 1401 1670 seu
1441 1614 1581 1670 ratio
1611 1612 1753 1672 haec
1782 1630 1885 1672 seu
1914 1612 2148 1672 facilitas
2166 1616 2202 1668 8

175 1697 367 1771 stetit,
414 1694 517 1754 sed
550 1694 651 1754 fuit
682 1694 831 1754 tanti.
895 1694 1035 1754 Nam
1065 1696 1302 1771 regione
1331 1703 1446 1754 tota
1477 1704 1535 1753 et
1556 1697 1771 1756 novitas
1798 1697 2145 1755 remissionis

174 1788 233 1838 et
261 1779 437 1838 forma
477 1776 742 1838 laudatur.
806 1776 895 1837 Ex
923 1779 1065 1856 ipsis
1095 1780 1292 1852 etiam,
1338 1796 1490 1857 quos
1509 1795 1619 1837 non
1650 1797 1787 1854 una,
1830 1787 1891 1837 ut
1923 1778 2144 1854 dicitur,

173 1865 390 1942 pertica
421 1861 524 1922 sed
554 1861 815 1922 distincte
848 1861 1227 1940 gradatimque
1256 1863 1520 1938 tractavi,
1563 1872 1765 1939 quanto
1797 1863 1921 1941 quis
1947 1860 2148 1921 melior

92 1956 233 2013 2oet
259 1945 494 2047 probior
525 1955 678 2006 tanto
705 1945 838 2005 mihi
880 1946 1179 2043 obligatior
1204 1947 1361 2023 abiit,
1393 1956 1661 2042 expertus
1690 1963 1801 2005 non
1836 1964 1969 2006 esse
1997 1943 2148 2023 apud

173 2048 265 2091 me
299 2026 372 2091 ἐν
394 2021 467 2089 δὲ
491 2027 557 2110 ἰῇ
578 2029 731 2111 τιμῇ
754 2019 921 2107 ἠμὲν
944 2021 1144 2102 κακὸς
1168 2020 1285 2109 ἠδὲ
1307 2025 1415 2090 καὶ
1438 2023 1695 2103 ἐσθλός;
1756 2028 1918 2090 Vale.

1113 2161 1213 2223 111.

727 2261 782 2316 c,
822 2260 1072 2313 PLlNIUS
1112 2261 1352 2314 SPARSO
1392 2262 1511 2315 suo
1546 2262 1602 2318 S.

93 2383 158 2435 25
297 2365 519 2426 Librum
539 2385 707 2444 quem
736 2369 1039 2428 novissime
1074 2369 1175 2428 tibi
1203 2371 1328 2429 misi
1357 2387 1432 2429 ex
1460 2368 1714 2428 omnibus
1745 2370 1885 2428 meis
1916 2366 2011 2426 vel
2040 2380 2197 2430 ma-1

170 2451 322 2509 xime
353 2449 582 2528 placere
615 2452 914 2526 significas.
977 2450 1081 2511 Est
1119 2452 1316 2513 eadem
1350 2454 1538 2530 opinio
1576 2452 1860 2512 cuiusdam
1893 2449 2149 2510 eruditis-

176 2534 320 2593 simi.
368 2532 494 2604 Quo
522 2535 700 2609 magis
730 2533 978 2593 adducor
1004 2545 1064 2594 ut
1086 2546 1344 2595 neutrum
1372 2536 1488 2596 salli
1517 2545 1730 2614 putem,
1765 2537 1892 2613 quia
1921 2552 2032 2593 non
2061 2541 2199 2596 est2

176 2615 449 2676 credibile
490 2625 783 2693 utrumque
829 2615 945 2675 falli
987 2626 1043 2676 et
1089 2622 1214 2696 quia
1262 2631 1445 2680 tamen
1487 2618 1738 2678 blandior
1785 2618 1936 2676 mihi.
1998 2615 2148 2675 Volo

176 2702 325 2759 enim
354 2701 602 2778 proxima
639 2717 897 2777 quaeque
939 2700 1348 2763 absolutissima
1379 2704 1588 2779 videri,
1626 2711 1682 2761 et
1711 2701 1842 2760 ideo
1867 2703 1973 2759 iam
2001 2717 2149 2758 nunc

95 2790 372 2844 3ocontra
410 2785 574 2842 istum
616 2781 815 2842 librum
862 2782 1025 2841 faveo
1069 2787 1302 2844 orationi
1343 2804 1505 2863 quam
1549 2804 1731 2864 nuper
1769 2787 1823 2843 in
1862 2781 2150 2861 publicum

177 2866 341 2942 dedi,
387 2868 884 2925 communicaturus
927 2875 1142 2942 tecum,
1187 2877 1247 2926 ut
1289 2872 1521 2945 primum
1561 2870 1884 2946 diligentem
1921 2865 2148 2926 tabella·

173 2951 317 3009 rium
353 2951 642 3007 invenem.
704 2948 874 3009 Erexi
909 2952 1389 3027 exspectationem
1421 2962 1600 3028 tuam,
1645 2971 1806 3029 quam
1841 2967 2048 3010 vereor
2075 2968 2147 3008 ne
2167 2954 2203 3007 3

176 3033 441 3093 destituat
474 3034 648 3090 oratio
678 3034 732 3090 in
753 3050 944 3093 manus
974 3040 1209 3111 sumpta.
1267 3030 1493 3094 Interim
1519 3046 1701 3095 tamen
1730 3045 2003 3113 tamquam
2030 3032 2148 3112 pla-

178 3118 430 3192 cituram,
461 3123 521 3175 et
548 3114 790 3176 fortasse
821 3116 1089 3194 placebit,
1123 3126 1411 3194 exspecta.
1474 3117 1631 3177 Vale.

1102 3247 1227 3309 1111.

731 3347 783 3398 c,
821 3348 1066 3399 PLINIUS
1102 3346 1354 3399 cANlNlo
1391 3346 1509 3398 Suo
1547 3347 1601 3402 S.

304 3450 530 3530 Optime
569 3450 710 3513 facis
749 3451 900 3529 quod
939 3451 1149 3512 bellum
1187 3452 1458 3514 Dacicum
1489 3451 1741 3513 seribere
1770 3468 1950 3529 paras,
2016 3448 2201 3507 Naml

14 3212 161 3292 iss
