2467 3850
344 173 428 238 94
1179 172 1245 235 C.
1289 171 1482 235 PLINI

344 325 523 386 valvis
551 335 775 400 xystum
814 326 1165 387 desinentem
1205 336 1266 386 et
1301 328 1555 405 protinus
1595 335 1813 405 pratum
1850 326 2196 406 multumque
2234 344 2330 385 ru-

343 412 421 470 ris
448 410 635 486 videt,
675 409 942 470 fenestris
983 409 1089 470 hac
1122 410 1269 470 latus
1307 413 1459 485 xysti
1500 420 1559 471 et
1589 410 1740 489 quod
1769 409 1992 489 prosilit
2015 408 2188 470 villae
2220 409 2331 471 hac

262 493 652 557 20adiacentis
702 493 1059 572 hippodromi
1097 513 1296 555 nemus
1345 511 1648 572 comasque
1689 503 2037 573 prospectat.
2116 492 2329 554 Contra

344 578 583 638 mediam
623 577 747 636 fere
775 580 1057 656 porticum
1084 578 1266 638 diaeta
1289 578 1514 656 paulum
1556 578 1809 654 recedit,
1854 579 2028 656 cingit
2054 576 2326 655 areolam,

346 679 491 739 quae
520 670 781 738 quattuor
810 661 1046 739 platanis
1086 663 1442 722 inumbratur.
1502 660 1657 722 Inter
1696 661 1798 721 has
1826 679 2139 722 marmoreo
2167 660 2329 720 labro
2347 674 2383 725 5
2454 691 2455 756 f

346 762 488 823 aqua
515 743 753 804 exundat
785 747 1288 823 circumiectasque
1311 745 1566 825 platanos
1596 754 1655 805 et
1679 746 1933 805 subiecta
1953 744 2193 824 platanis
2213 745 2330 804 leni

263 840 330 891 21
349 830 651 907 aspergine
691 828 868 888 fovet.
930 828 1037 889 Est
1075 831 1131 889 in
1179 828 1288 889 hac
1337 830 1518 889 diaeta
1562 829 1942 889 dormitorium
1986 828 2327 905 cubiculum,

351 911 502 990 quod
533 911 680 971 diem
716 911 1018 972 clamorem
1060 931 1259 973 sonum
1293 913 1576 990 excludit,
1621 915 1921 990 iunctaque
1959 915 2014 972 ei
2055 913 2330 973 cotidiana

348 997 653 1054 amicorum
682 997 937 1073 cenatio,
964 1014 1108 1074 quae
1136 996 1382 1058 areolam
1409 996 1590 1073 illam,
1614 999 1894 1074 porticum
1918 996 2081 1056 aliam
2108 996 2329 1057 eadem-

267 1088 464 1157 22que
506 1081 688 1138 omnia
729 1097 871 1157 quae
916 1082 1171 1158 porticus
1211 1082 1435 1158 aspicit.
1494 1080 1600 1141 Est
1641 1089 1700 1139 et
1745 1080 1894 1140 aliud
1936 1080 2259 1141 cubiculum
2297 1096 2416 1148 a1o

349 1180 617 1242 proxuma
643 1162 870 1241 platano
897 1165 1076 1223 viride
1110 1173 1167 1226 et
1199 1165 1556 1241 umbrosum,
1599 1181 1871 1223 marmore
1909 1164 2199 1224 excultum
2228 1181 2329 1243 po·

353 1247 446 1306 dio
477 1256 665 1322 tenus,
697 1264 808 1306 nec
844 1247 995 1306 cedit
1023 1251 1235 1325 gratiae
1266 1250 1552 1309 marmoris
1584 1266 1768 1308 ramos
1789 1248 2217 1326 insidentesque
2245 1265 2330 1306 ra-

268 1333 455 1393 23mis
497 1349 632 1390 aves
674 1332 879 1391 imitata
919 1333 1166 1409 pictura:
1213 1331 1522 1392 fonticulus
1563 1334 1618 1391 in
1647 1331 1793 1407 hoc,
1844 1334 1900 1391 in
1930 1332 2087 1392 fonte
2118 1341 2331 1397 craten

355 1417 505 1474 circa
532 1413 814 1493 sipunculi
844 1414 1041 1493 plures
1068 1417 1309 1477 miscent
1337 1417 1796 1477 iucundissimum
1816 1433 2074 1475 murmur.
2119 1415 2187 1475 ln
2208 1433 2332 1474 cor·

352 1518 426 1557 nu
458 1500 713 1576 porticus
756 1498 1164 1578 amplissimum,
1192 1498 1508 1559 cubiculum
1539 1518 1572 1558 a
1603 1499 1848 1561 triclinio
1883 1501 2157 1568 occurrit;
2210 1497 2332 1558 aliis
2350 1507 2414 1559 15

352 1582 620 1642 fenestris
648 1592 874 1656 xystum
902 1582 1025 1642 aliis
1058 1583 1284 1661 dispicit
1309 1594 1558 1662 pratum,
1596 1584 1698 1643 sed
1718 1593 1847 1643 ante
1871 1586 2162 1660 piscinam,
2190 1600 2335 1660 quae

271 1674 340 1726 24
354 1666 620 1726 fenestris
640 1668 813 1725 servit
831 1685 898 1726 ac
917 1667 1192 1745 subiacet,
1224 1669 1464 1746 strepitu
1480 1670 1719 1746 visuque
1748 1668 2057 1726 iucundam.
2096 1666 2243 1726 Nam
2262 1684 2337 1726 ex

353 1750 508 1809 edito
539 1750 807 1810 desiliens
836 1768 978 1828 aqua
1007 1760 1276 1829 suscepta
1299 1768 1570 1810 marmore
1602 1751 1861 1811 albescit.
1918 1750 2073 1811 Idem
2104 1751 2335 1809 cubicu-

272 1841 338 1894 25
356 1833 467 1892 lum
498 1833 684 1893 hieme
725 1835 1166 1913 tepidissimum,
1213 1837 1341 1913 quia
1368 1833 1607 1914 plurimo
1634 1834 1760 1895 sole
1788 1834 2160 1913 perfunditur.
2227 1832 2336 1892 Co·

354 1918 549 1978 haeret
573 1918 997 1997 hypocauston,
1040 1929 1098 1979 et
1142 1921 1192 1980 si
1233 1919 1355 1979 dies
1389 1918 1646 1997 nubilus,
1691 1919 1923 1980 inmisso
1950 1937 2160 1998 vapore
2197 1917 2418 1984 solis2o

354 2005 539 2062 vicem
569 2002 814 2080 supplet.
858 2003 996 2062 Inde
1022 2002 1411 2082 apodyterium
1443 2003 1647 2063 balinei
1679 2002 1863 2062 laxum
1891 2014 1950 2063 et
1975 2003 2150 2065 hilare
2180 2004 2340 2061 exci-

354 2089 437 2164 pit
461 2084 609 2145 cella
639 2086 939 2162 frigidaria,
971 2088 1026 2143 in
1059 2104 1169 2164 qua
1188 2087 1578 2165 baptisterium
1605 2086 1847 2165 amplum
1866 2088 2047 2165 adque
2074 2103 2338 2165 opacum.

355 2170 418 2227 Si
448 2179 637 2228 natare
669 2168 834 2229 latius
877 2178 968 2227 aut
995 2169 1240 2247 tepidius
1271 2171 1452 2248 velis,
1483 2173 1538 2230 in
1560 2189 1693 2231 area
1721 2173 1940 2249 piscina
1967 2181 2088 2248 est,
2120 2174 2175 2230 in
2206 2187 2344 2249 pro-

355 2269 523 2309 xumo
556 2260 781 2329 puteus,
814 2270 889 2310 ex
909 2269 1021 2329 quo
1042 2255 1234 2330 possis
1261 2271 1453 2314 rursus
1475 2255 1764 2332 adstringi,
1795 2257 1845 2315 si
1865 2258 2145 2334 paeniteat
2173 2265 2344 2332 tepo-

275 2344 341 2397 26
357 2336 453 2392 ris,
499 2332 839 2409 Frigidariae
875 2334 1058 2395 cellae
1089 2339 1404 2396 conectitur
1428 2338 1640 2416 media,
1686 2342 1776 2398 cui
1816 2340 1904 2399 sol
1935 2340 2424 2415 benignissimeffi

359 2426 589 2496 praesto
618 2427 734 2487 est;
785 2418 1058 2478 caldariae
1090 2422 1298 2496 magis:
1335 2424 1614 2499 prominet
1644 2425 1810 2482 enim.
1872 2422 1938 2482 In
1963 2423 2069 2484 hac
2091 2433 2211 2482 tres
2242 2422 2347 2481 de·

360 2502 717 2578 scensioneS,
752 2502 891 2561 duae
920 2505 976 2561 in
1005 2503 1151 2581 sole,
1185 2506 1350 2564 tertia
1375 2523 1408 2564 a
1435 2505 1559 2565 sole
1589 2506 1834 2583 longius,
1864 2526 1897 2567 a
1923 2506 2055 2566 luce
2082 2523 2193 2565 non
2216 2505 2347 2565 lon·

276 2592 342 2647 27
360 2586 504 2661 gius.
541 2585 896 2664 Apodyterio
919 2590 1337 2665 superpositum
1368 2598 1457 2650 est
1483 2589 1965 2668 sphaeristerium,
1998 2589 2149 2669 quod
2178 2589 2346 2668 plura

359 2688 571 2746 genera
617 2673 1036 2730 exercitationis
1067 2670 1378 2751 pluresque
1423 2673 1667 2733 circulos
1700 2676 1869 2753 capit.
1922 2673 2050 2733 Non
2076 2673 2285 2753 procul
2315 2691 2349 2731 a

357 2753 582 2815 balineo
616 2755 826 2832 scalae,
859 2773 1001 2833 quae
1032 2757 1088 2814 in
1118 2759 1598 2836 cryptoporticum
1626 2757 1832 2834 ferunt,
1862 2760 2017 2836 prius
2038 2758 2107 2816 ad
2128 2757 2428 2828 diaetas30

358 2847 497 2897 tres.
559 2837 765 2898 Harum
802 2839 908 2899 alia
934 2839 1160 2900 areolae
1190 2840 1273 2900 illi
1306 2843 1362 2899 in
1392 2859 1500 2919 qua
1527 2840 1735 2919 platani
1757 2850 2018 2920 quattuor
2044 2840 2151 2900 alia
2178 2850 2348 2919 prato

362 2920 468 2979 alia
493 2923 673 2983 vineis
713 2925 958 2983 imminet
987 2922 1352 3003 diversasque
1383 2924 1526 2984 caeli
1553 2934 1745 3003 partes
1782 2935 1842 2985 ut
1872 2934 2216 3004 prospectus
2245 2925 2348 2985 ha-

277 3011 347 3064 28
363 3004 480 3063 bet.
522 3001 588 3064 In
617 3024 826 3067 summa
856 3010 1280 3087 cryptoporticu
1312 3009 1630 3068 cubiculum
1659 3028 1732 3069 ex
1762 3011 1886 3088 ipsa
1915 3011 2349 3089 cryptoporticu

346 3088 636 3168 excisum,
670 3090 820 3167 quod
847 3091 1278 3169 hippodromum
1303 3095 1499 3152 vineas
1530 3101 1751 3154 montes
1778 3096 2043 3153 intuetur.
2089 3093 2350 3170 Iungitur

363 3170 683 3231 cubiculum
724 3174 945 3233 obvium
973 3174 1114 3253 soli,
1156 3177 1392 3236 maxime
1435 3176 1688 3236 hiberno.
1749 3177 1892 3236 Hinc
1935 3179 2112 3236 oritur
2138 3176 2429 3254 diaeta‚35

364 3272 509 3331 quae
547 3254 714 3314 villae
753 3255 1180 3335 hippodromum
1211 3259 1477 3319 adnectit.
1535 3260 1692 3320 Haec
1737 3261 1950 3337 facies,
2000 3260 2097 3320 hic
2134 3279 2275 3322 usus
2315 3279 2349 3320 a

280 3346 348 3400 29
363 3337 568 3397 fronte.
623 3338 675 3396 A
708 3338 885 3398 latere
923 3344 1136 3402 aestiva
1170 3345 1625 3422 cryptoporticus
1655 3346 1710 3402 in
1743 3345 1896 3404 edito
1926 3346 2146 3422 posita,
2200 3362 2348 3424 quae

365 3439 477 3482 non
504 3421 764 3501 aspicere
795 3425 988 3484 vineas
1006 3470 1025 3503 ,
1067 3425 1172 3486 sed
1198 3434 1430 3503 tangere
1459 3427 1710 3487 videtur:
1747 3430 1804 3487 in
1833 3427 2016 3489 media
2040 3429 2349 3490 triclinium
