2467 3850
321 185 403 251 72
1162 183 1227 247 C.
1273 182 1464 245 PLINI

238 345 305 398 14
319 339 575 399 rietatem
614 335 874 414 duarum,
925 346 1246 397 contextum
1290 339 1454 397 unius
1493 336 1760 398 habuisse
1805 336 2121 397 credantur.
2191 335 2308 399 Rc·

318 419 547 501 spondit
586 418 903 480 Herennius
941 419 1101 481 Polio
1143 424 1414 481 instanter
1454 430 1513 481 et
1554 423 1837 498 graviter,
1885 420 2090 480 deinde
2118 419 2306 481 Theo-

318 506 533 585 phanes
575 522 786 565 rursus.
848 502 1011 565 Fecit
1052 507 1198 564 enim
1240 505 1352 564 hoc
1380 521 1607 583 quoque
1643 515 1703 564 ut
1733 514 1922 563 cetera
1957 502 2307 583 inpudentis-

317 591 490 665 sime,
532 588 685 666 quod
725 596 856 666 post
887 587 1029 649 duos
1073 596 1131 649 et
1175 587 1503 649 consulares
1542 595 1601 647 et
1641 587 1888 649 disertos
1928 596 2152 668 tempus
2193 589 2305 651 sibi

317 680 377 734 et
397 672 622 752 quidem
643 670 824 733 laxius
847 671 1170 732 vindicavit.
1220 671 1378 731 Dixit
1413 674 1467 732 in
1501 680 1726 731 noctem
1750 680 1920 749 atque
1942 673 2110 731 etiam
2131 678 2350 733 nocte5

233 769 299 819 15
318 756 503 816 inlatis
531 754 798 816 lucernis.
857 753 1097 817 Postero
1127 754 1219 816 die
1247 764 1485 834 egerunt
1511 772 1617 834 pro
1647 755 1825 818 Basso
1857 754 2038 815 Titius
2073 754 2308 815 Homul·

318 840 406 901 lus
436 847 495 901 et
523 838 732 899 Fronto
758 840 1022 900 mirifice:
1075 850 1330 917 quartum
1358 840 1505 900 diem
1537 839 1902 918 probationes
1936 850 2303 918 occuparunt.

235 932 301 987 16
321 903 558 985 Censuit
584 923 828 984 Baebius
855 921 1070 1000 Macer,
1098 923 1298 985 consul
1327 922 1674 1000 designatus,
1708 921 1841 1001 lege
1870 922 2305 1001 repetundarum

318 1007 555 1068 Bassum
585 1007 801 1085 teneri,
844 1004 1059 1085 Caepio
1089 1005 1294 1086 Hispo,
1328 1006 1482 1067 salva
1512 1006 1783 1084 dignitate
1812 1004 2029 1066 iudices
2060 1006 2302 1068 dandos:

235 1098 300 1155 17
318 1102 556 1170 uterque
584 1100 763 1151 recte.
812 1089 921 1164 Qui
950 1091 1073 1151 lieri
1103 1088 1334 1170 potest?
1364 1092 1581 1167 inquis:
1611 1091 1738 1168 quia
1768 1089 1995 1150 scilicet
2022 1098 2081 1150 et
2111 1088 2304 1154 Macro
2316 1098 2389 1150 lo

315 1175 506 1253 legem
544 1175 781 1235 intuenti
822 1184 1261 1235 consentaneum
1292 1174 1396 1234 fuit
1426 1173 1682 1234 damnare
1714 1192 1842 1233 eum
1869 1177 1963 1251 qui
1996 1184 2191 1234 contra
2219 1174 2302 1235 le-

316 1276 447 1337 gem
475 1276 704 1318 munera
729 1267 1054 1336 acceperat,
1086 1267 1145 1320 et
1174 1256 1410 1338 Caepio,
1443 1275 1569 1318 cum
1603 1266 1824 1336 putaret
1852 1256 2030 1317 licere
2060 1259 2303 1337 senatui,¹

318 1345 464 1404 sicut
488 1342 647 1414 licet,
678 1350 737 1402 et
762 1344 1018 1419 mitigare
1044 1341 1207 1420 leges
1237 1352 1296 1403 et
1323 1342 1639 1419 intendere,
1671 1359 1784 1401 non
1811 1343 1932 1402 sine
1962 1343 2176 1402 ratione
2204 1361 2302 1403 ve·

234 1435 301 1490 18
315 1428 460 1487 niam
493 1425 646 1487 dedit
677 1425 861 1503 facto,
904 1428 1083 1486 vetito
1116 1426 1339 1505 quidem
1367 1443 1480 1485 non
1510 1434 1694 1485 tamen
1721 1427 2001 1486 inusitato.
2064 1424 2301 1487 Praeva-

314 1511 417 1571 luit
446 1512 724 1573 sententia
750 1509 1076 1589 Caepionis,
1108 1512 1245 1588 quin
1280 1512 1449 1572 immo
1483 1512 1845 1588 consurgenti
1873 1510 1927 1569 ei
1956 1508 2026 1568 ad
2060 1528 2299 1570 censen·
2318 1522 2387 1574 15

317 1596 447 1657 dum
484 1593 846 1655 adclamatum
891 1603 1011 1671 est,
1065 1593 1216 1671 quod
1249 1592 1400 1654 solet
1426 1593 1826 1653 residentibus.
1868 1591 1958 1652 Ex
1988 1611 2102 1671 quo
2131 1603 2301 1673 potes

315 1680 611 1741 aestimare
649 1686 859 1757 quanto
900 1696 1179 1738 consensu
1219 1680 1291 1739 sit
1326 1687 1662 1757 exceptum,
1705 1695 1830 1736 cum
1859 1676 2109 1754 diceret,
2145 1676 2301 1756 quod

234 1770 299 1826 19
318 1772 429 1823 tam
457 1761 767 1823 favorabile
794 1761 918 1840 fuit,
955 1780 1082 1821 cum
1113 1762 1363 1822 dicturus
1394 1762 1698 1822 videretur.
1763 1761 1905 1821 Sunt
1934 1771 2119 1820 tamen
2148 1771 2209 1823 ut
2242 1763 2300 1822 in

318 1856 511 1907 senatu
550 1849 628 1907 ita
667 1847 725 1907 in
765 1846 991 1907 civitate
1025 1848 1081 1905 in
1123 1846 1261 1907 duas
1304 1855 1495 1926 partes
1538 1846 1817 1906 homiuum
1857 1845 2060 1904 iudicia
2100 1844 2298 1906 divisa.

314 1931 456 1993 Nam
485 1932 688 2010 quibus
724 1933 1003 1992 sententia
1032 1929 1337 2010 Caepionis
1377 1930 1617 2010 placuit,
1664 1930 1993 1990 sententiam
2032 1927 2206 1990 Macri
2242 1939 2304 1990 ut
2316 1933 2384 1986 20

312 2015 545 2094 rigidam
574 2015 876 2093 duramque
908 2014 1357 2093 reprehendunt:
1412 2016 1615 2092 quibus
1642 2013 1849 2090 Macri,
1892 2012 2042 2073 illam
2071 2013 2302 2074 alteram

316 2098 642 2160 dissolutam
684 2109 855 2176 atque
906 2100 1071 2157 etiam
1109 2100 1575 2175 incongruentem
1618 2107 1847 2166 vocant;
1897 2106 2104 2174 negant
2149 2100 2303 2169 enim

230 2194 634 2259 2ocongruens
674 2200 809 2241 esse
846 2184 1094 2241 retinere
1139 2183 1194 2240 in
1236 2191 1430 2242 senatu
1477 2184 1567 2242 cui
1602 2182 1820 2242 iudices
1859 2180 2104 2243 dederis.
2171 2181 2305 2243 Fuit

314 2272 375 2324 et
410 2267 574 2325 tertia
614 2265 908 2325 sententia.
978 2263 1240 2326 Valerius
1278 2265 1539 2327 Paulinus
1580 2266 1854 2327 adsensus
1888 2263 2158 2344 Caepioni
2187 2265 2303 2327 boc

311 2347 551 2427 amplius
593 2349 813 2408 censuit
853 2347 1214 2408 referendum
1253 2348 1322 2409 de
1363 2349 1742 2429 Theophane,
1788 2367 1913 2408 cum
1956 2348 2302 2427 legationem
2317 2356 2387 2411 25

311 2432 707 2492 renuntiasset.
769 2430 1135 2509 Arguebatur
1176 2435 1325 2492 enim
1369 2433 1539 2494 multa
1580 2436 1636 2493 in
1677 2434 2037 2493 accusatione
2083 2432 2301 2494 fecisse

229 2527 295 2579 21
315 2533 459 2594 quae
499 2514 595 2574 illa
625 2517 750 2594 ipsa
783 2514 916 2593 lege
958 2533 1067 2593 qua
1104 2516 1339 2578 Bassum
1381 2526 1744 2578 accusaverat
1772 2526 2112 2577 tenerentur.
2179 2516 2302 2578 Sed

310 2599 455 2659 hanc
492 2600 825 2660 seutentiam
867 2599 1167 2679 consules,
1212 2619 1540 2680 quamquam
1579 2603 1844 2660 maximae
1885 2602 2027 2679 parti
2065 2611 2304 2662 senatus

312 2684 451 2743 mire
481 2683 846 2763 probabatur,
879 2702 989 2744 non
1020 2694 1147 2745 sunt
1184 2687 1492 2764 persecuti.
1536 2683 1798 2744 Paulinus
1833 2693 2016 2744 tamen
2052 2694 2108 2745 et
2138 2687 2303 2745 iusti·

228 2778 297 2830 22
312 2768 424 2829 tiae
464 2767 663 2828 famam
702 2776 762 2828 et
801 2771 1145 2829 constantiae
1188 2769 1330 2829 tulit.
1400 2767 1577 2828 Misso
1618 2777 1812 2828 senatu
1854 2767 2064 2828 Bassus
2099 2773 2390 2846 magnam

312 2852 598 2911 hominum
625 2851 974 2930 frequentia,
1004 2868 1206 2930 magno
1235 2853 1514 2926 clamore,
1551 2869 1754 2930 magno
1779 2851 1984 2929 gaudio
2019 2861 2303 2930 exceptus

312 2944 421 2995 est.
466 2933 705 2995 Fecerat
733 2954 861 2996 eum
889 2936 1255 2996 favorabilem
1282 2944 1547 2997 renovata
1567 2936 1945 2996 discrimInum
1965 2945 2131 2996 vetus
2153 2935 2309 2996 fama

307 3028 615 3096 notumque
649 3020 916 3097 periculis
958 3036 1160 3079 nomen
1206 3024 1268 3081 et
1308 3022 1366 3079 in
1409 3037 1655 3099 procero
1701 3036 1946 3097 corpore
1982 3028 2197 3081 maesta
2242 3029 2309 3080 et

225 3113 294 3167 23
312 3100 568 3181 squalida
607 3112 892 3163 senectus.
956 3101 1205 3163 Habebis
1245 3104 1387 3163 banc
1427 3106 1648 3164 iuterim
1691 3102 1989 3182 epistulam
2037 3110 2098 3162 ut
2138 3096 2308 3182 πρό-

311 3183 599 3264 δρομον,
644 3186 1006 3264 exspectabis
1045 3189 1354 3247 orationem
1395 3185 1619 3266 plenam
1651 3196 2049 3265 onustumque,
2084 3196 2391 3265 exspes-35

310 3269 491 3330 ctabis
534 3268 656 3329 diu:
689 3288 888 3348 meque
916 3272 1063 3331 enim
1094 3269 1298 3330 leviter
1325 3280 1385 3331 et
1414 3272 1651 3348 cursim,
1692 3279 1754 3330 ut
1782 3269 1855 3329 de
1880 3288 1945 3330 re
1974 3278 2161 3350 tauta,
2206 3288 2308 3332 re-

305 3352 589 3415 tractanda
617 3361 724 3414 est.
791 3351 957 3413 Vale.
