2467 3850
768 216 1290 280 EPISTULARUM
1318 218 1414 278 111.
1461 228 1513 283 9.
2064 220 2145 283 53

168 388 275 431 non
307 388 416 450 pro
442 389 507 431 se
541 368 646 430 sed
672 388 778 449 pro
815 388 983 432 causa
1018 373 1316 440 niteretur-3
1353 373 1511 432 cuius
1535 381 1593 431 et
1615 368 1932 450 magnitudo
1958 379 2016 429 et
2041 372 2143 431 uti·

171 453 293 515 litas
306 456 431 516 visa
458 463 546 514 est
571 454 862 535 postulare
885 473 957 514 ne
982 465 1187 516 tantum
1214 458 1401 515 oneris
1425 455 1659 533 singulis
1681 455 1991 515 actionibus
2013 455 2145 514 sub-

166 540 393 598 iremus.
454 537 800 598 Verebamur
820 558 891 598 ne
916 556 1020 599 nos
1045 540 1167 599 dies
1182 585 1199 615 ,
1240 558 1311 598 ne
1332 558 1445 599 vox
1462 585 1479 616 ‚
1515 558 1589 599 ne
1612 539 1787 599 latera
1810 538 2140 615 delicerent,
2161 548 2195 602 9

168 624 212 680 si
234 630 319 681 tot
339 623 586 698 crimina,
611 631 694 681 tot
715 640 848 682 reos
870 640 980 682 uno
1002 622 1159 683 velut
1182 624 1338 683 fasce
1364 623 1895 701 complecteremur;
1920 621 2142 698 deinde,

123 721 237 772 5ne
269 705 515 765 iudicum
547 707 779 765 intentio
814 706 1000 767 multis
1035 708 1348 767 nominibus
1369 707 1671 785 multisque
1695 707 1879 766 causis
1902 723 2013 765 non
2036 705 2145 764 las-

167 799 385 849 saretur
405 788 571 848 modo
594 808 788 849 verum
812 792 976 851 etiam
1002 790 1468 858 confunderetur;
1509 808 1672 866 mox,
1720 808 1791 848 ne
1821 790 2000 866 gratia
2034 791 2145 850 sin-

166 872 427 949 gulorum
453 871 672 932 conlata
703 883 871 952 atque
903 876 1172 954 permixta
1201 893 1307 954 pro
1339 873 1573 952 singulis
1602 892 1830 953 quoque
1854 874 2005 932 vires
2029 889 2143 931 om-

164 960 312 1015 nium
360 959 679 1035 acciperet;
734 967 1057 1035 postremo,
1093 977 1165 1018 ne
1208 960 1579 1036 potentissimi
1608 957 1883 1018 vilissimo
1917 973 2143 1037 quoquc

165 1042 322 1118 quasi
363 1039 632 1119 piaculari
678 1041 805 1101 dato
848 1041 1044 1102 alienis
1089 1045 1290 1121 poenis
1334 1041 1707 1102 elaberentur.
1770 1040 1991 1100 Etenim
2029 1049 2143 1099 tum
2164 1056 2229 1106 10

94 1138 153 1190 10
165 1126 400 1183 maxime
430 1125 588 1183 favor
618 1133 676 1183 et
703 1126 927 1185 ambitio
958 1126 1282 1201 dominatur,
1318 1145 1444 1185 cum
1474 1127 1579 1186 sub
1610 1126 1793 1204 aliqua
1824 1126 2024 1203 specie
2054 1143 2143 1184 se-

163 1209 415 1267 veritatis
447 1207 785 1268 delitescere
819 1218 1035 1286 potest..
1073 1209 1206 1270 Erat
1237 1213 1293 1270 in
1326 1208 1560 1271 consilio
1593 1211 1974 1270 Sertorianum
2005 1207 2142 1267 illud
2164 1224 2225 1274 11

164 1289 513 1371 exemplum,
553 1294 645 1370 qui
686 1294 1131 1354 robustissimum
1170 1304 1229 1354 et
1260 1295 1683 1354 infirmissimum
1714 1291 1940 1352 militem
1980 1293 2144 1351 iussit

165 1374 393 1436 caudam
416 1377 546 1454 equi
566 1411 630 1421 —
651 1376 868 1456 reliqua
887 1381 1055 1438 nosti.
1096 1376 1235 1437 Nam
1263 1396 1366 1438 nos
1397 1396 1623 1457 quoque
1655 1388 1763 1438 tam
1789 1393 2146 1435 numerosum

163 1476 365 1536 agmen
406 1477 630 1520 reorum
670 1462 746 1520 ita
785 1461 1004 1521 demum
1044 1462 1369 1522 videbamus
1410 1480 1585 1540 posse
1631 1462 1919 1541 superari,
1963 1461 2009 1521 si
2039 1477 2145 1540 per

93 1550 148 1602 15
164 1542 420 1620 singulos
452 1553 795 1622 carperetur.
851 1543 1065 1606 Placuit
1093 1548 1149 1605 in
1179 1548 1370 1623 primis
1399 1551 1583 1625 ipsum
1615 1545 1925 1605 Classicum
1957 1555 2143 1606 osten·
2163 1563 2226 1614 12

162 1626 296 1700 dere
319 1636 647 1687 nocentem:
674 1629 764 1688 hic
785 1630 1102 1707 aptissimus
1129 1630 1198 1689 ad
1218 1632 1409 1690 socios
1437 1633 1557 1689 eius
1580 1639 1638 1689 et
1660 1631 1941 1690 ministros
1967 1639 2142 1689 trans-

161 1713 270 1770 itus
313 1720 466 1787 erat,
510 1714 638 1789 quia
669 1714 811 1771 socii
849 1714 1195 1791 ministrique
1236 1713 1462 1791 probari
1490 1715 1597 1771 nisi
1631 1711 1730 1772 illo
1761 1721 2002 1773 nocente
2033 1730 2144 1771 non

162 1803 474 1871 poterant;-
507 1813 579 1854 ex
615 1797 816 1873 quibus
850 1797 990 1856 duos
1022 1800 1203 1856 statim
1234 1794 1491 1855 Classico
1522 1798 1830 1873 iunximus,
1878 1796 2145 1855 Baebium

162 1876 413 1954 Probum
427 1887 485 1939 et
506 1877 733 1940 Fabium
755 1879 1078 1960 Hispanum,
1109 1890 1405 1958 utrumque
1426 1883 1622 1958 gratia,
1652 1879 1958 1959 Hispanum
1980 1880 2143 1939 etiam

89 1962 421 2023 20facundia
450 1962 709 2023 validum.
772 1964 846 2024 Et
885 1967 1034 2025 circa
1065 1963 1375 2025 Classicum
1408 1964 1629 2043 quidem
1657 1964 1846 2024 brevis
1877 1972 1935 2022 et
1966 1979 2138 2039 expe·
2161 1974 2227 2027 13

162 2045 308 2106 ditus
337 2046 513 2106 labor.
572 2048 681 2107 Sua
713 2066 871 2107 manu
900 2049 1204 2128 reliquerat
1235 2052 1503 2127 scriptum
1536 2049 1667 2127 quid
1698 2066 1769 2107 ex
1800 2064 2024 2125 quaque
2055 2063 2139 2122 re,

160 2131 294 2209 quid
328 2148 402 2189 ex
430 2149 651 2209 quaque
684 2151 850 2192 causa
879 2136 1231 2211 accepisset:
1279 2136 1503 2193 miserat
1534 2135 1698 2193 etiam
1728 2130 2000 2209 epistulas
2031 2128 2142 2188 Ro-

161 2232 302 2273 mam
328 2213 399 2274 ad
428 2215 717 2275 amiculam
746 2218 1013 2293 quandam
1039 2219 1307 2278 iactantes
1339 2226 1396 2277 et
1424 2216 1736 2294 gloriosas,
1788 2216 1875 2275 his
1921 2213 2144 2293 quidem

161 2299 354 2358 verbis
391 2300 470 2358 ‘io
500 2300 577 2376 io,
612 2299 756 2360 liber
782 2300 850 2359 ad
881 2311 938 2360 te
967 2304 1162 2369 venio;
1204 2303 1310 2360 iam
1342 2303 1661 2361 sestertium
1689 2299 2025 2378 quadragies
2053 2316 2142 2356 re-

87 2392 146 2447 25
163 2380 295 2458 degi
339 2392 497 2459 parte
537 2384 757 2443 vendita
799 2384 1194 2446 Baeticorum?
1256 2385 1418 2445 Circa
1459 2384 1760 2463 Hispanum
1806 2393 1863 2443 et
1903 2382 2142 2442 Probum
2162 2390 2227 2442 14

157 2465 391 2524 multum
421 2466 658 2526 sudoris.
711 2465 921 2526 Horum
953 2478 1079 2528 ante
1111 2488 1275 2548 quam
1306 2471 1532 2529 crimina
1560 2468 1910 2545 ingrederer,
1942 2485 2143 2526 neces-

158 2551 363 2608 sarium
394 2550 605 2610 credidi
637 2550 930 2610 elaborare
962 2562 1020 2611 ut
1050 2562 1333 2613 constaret
1359 2555 1723 2616 ministerium
1747 2554 1954 2611 crimen
1981 2569 2140 2612 esse:

157 2633 312 2712 quod
338 2635 447 2696 'nisi
478 2634 774 2711 fecissem,
810 2636 1012 2696 frustra
1040 2639 1320 2697 ministros
1350 2636 1697 2716 probassem.
1758 2634 1961 2712 Neque
1996 2634 2139 2692 enim
2161 2643 2224 2694 15

153 2719 227 2775 ita
259 2716 704 2777 defendebantur
732 2728 792 2778 ut
819 2729 1109 2795 negarent,
1142 2721 1245 2781 sed
1275 2730 1336 2779 ut
1360 2721 1683 2780 necessitati
1705 2721 1922 2777 veniam
1946 2733 2140 2793 preca-

82 2806 381 2861 30rentur:
412 2819 543 2861 esse
573 2805 719 2861 enim
746 2823 810 2863 se
846 2804 1220 2880 provinciales
1254 2813 1311 2863 et
1338 2804 1406 2863 ad
1435 2822 1597 2863 omne
1627 2799 2023 2880 proconsulum
2048 2802 2142 2859 im-

154 2879 376 2963 perium
404 2895 554 2945 metu
584 2888 730 2963 cogi.
797 2887 959 2947 Solet
987 2887 1178 2948 dicere
1210 2885 1476 2947 Claudius
1507 2888 1851 2964 RestitutuS,
1885 2886 1978 2962 qui
2010 2884 2139 2943 mihi
2161 2893 2224 2945 16

153 2967 485 3046 respondit,
529 2972 616 3027 vir
654 2973 994 3031 exercitatus
1037 2981 1095 3031 et
1123 2971 1363 3046 vigilans
1392 2981 1452 3031 et
1482 2968 1787 3048 quamlibet
1817 2969 2015 3028 subitis
2045 2986 2140 3046 pa-

153 3061 340 3128 ratus,
386 3071 681 3130 numquam
724 3056 829 3114 sibi
870 3065 1078 3114 tantum
1121 3054 1407 3131 caliginiS,
1462 3064 1669 3113 tantum
1709 3052 2141 3130 perturbationis

156 3136 432 3213 offusum,
482 3155 644 3215 quam
685 3156 810 3197 cum
838 3147 1139 3217 praerepta
1167 3147 1225 3197 et
1258 3146 1473 3197 extorta
1503 3136 1819 3203 defensioni
1848 3153 1981 3195 suae
2015 3153 2137 3194 cer-

80 3220 140 3276 35
157 3231 316 3281 neret
344 3222 401 3280 in
432 3221 636 3299 quibus
660 3239 879 3282 omnem
902 3222 1158 3282 fiduciam
1184 3222 1515 3299 reponebat.
1563 3218 1796 3280 Consilii
1819 3221 1996 3279 nostri
2022 3221 2137 3278 exi·
2158 3225 2219 3279 17

155 3313 243 3363 tus
275 3304 407 3364 fuit:
461 3305 608 3364 bona
638 3304 876 3365 Classici
908 3324 1051 3384 quae
1074 3305 1372 3365 habuisset
1399 3312 1526 3363 ante
1557 3306 1900 3382 provinciam
1929 3302 2139 3379 placuit

154 3390 368 3448 senatui
399 3407 431 3448 a
473 3388 707 3468 reliquis
739 3391 1017 3468 separari,
1063 3389 1157 3448 illa
1187 3389 1364 3464 filiae,
1409 3388 1553 3448 haec
1595 3387 1849 3465 spoliatis
1878 3386 2133 3463 relinqui.

150 3466 416 3534 Additu’m
450 3482 541 3533 est
569 3481 628 3532 ut
658 3475 934 3553 pecuniae
968 3490 1107 3551 quas
1139 3473 1508 3534 creditoribus
1534 3472 1780 3531 solverat
1802 3486 2134 3529 revocaren-
