2467 3850
354 206 474 271 112
1179 204 1244 266 C.
1289 203 1482 266 PLINI

299 360 524 437 5gratia
568 358 777 419 infirma
794 357 816 436 ,'
864 360 974 437 ipsi
1017 358 1372 435 enitendum,
1422 358 1531 437 ipsi
1561 355 1958 418 elaborandum
1995 365 2103 416 est.
2165 355 2333 429 Quod

351 443 572 521 quidem
611 461 874 522 semper,
919 443 1077 521 quasi
1100 441 1428 521 provideret
1467 442 1579 501 hoc
1619 450 1877 520 tempus,
1922 438 2123 500 sedulo
2163 440 2329 502 fecit:

349 528 565 606 paravit
593 529 840 603 amicos,
891 544 1035 605 quos
1064 534 1360 605 paraverat
1389 525 1600 601 coluit,
1640 542 1730 583 me
1771 534 1963 600 certe,
2008 533 2069 583 ut
2096 526 2330 602 primum

299 612 456 677 fisibi
480 610 722 671 iudicare
755 611 1030 689 permisit,
1062 610 1131 669 ad
1156 625 1403 670 amorem
1438 609 1911 687 imitationemque
1940 606 2174 685 delegit.
2233 607 2330 667 Di-

349 696 499 755 centi
525 694 657 754 mihi
687 693 965 754 sollicitus
992 693 1246 771 adsistit,
1287 692 1507 753 adsidet
1527 695 1814 753 recitanti:
1855 693 2047 770 primis
2074 693 2242 752 etiam
2271 702 2331 753 et
2348 710 2379 762 5
2456 693 2457 702 ’

348 795 474 838 cum
502 778 735 837 maxime
768 777 1130 839 nascentibus
1160 776 1453 855 opusculis
1481 777 1620 837 meis
1649 778 1917 852 interest,
1963 794 2110 835 nunc
2147 775 2326 853 solus,
2456 781 2457 820 l

344 870 473 922 ante
504 878 629 922 cum
655 861 849 939 fratre,
882 863 1042 922 cuius
1070 878 1253 939 nuper
1280 862 1467 921 amissi
1497 877 1610 937 ego
1641 861 1940 939 suscipere
1970 869 2185 939 partes,
2217 877 2328 937 ego

296 955 328 1010 7
347 947 529 1006 vicem
558 943 743 1006 debeo
773 945 1010 1023 inplere.
1069 943 1258 1005 Doleo
1288 946 1434 1005 enim
1471 953 1529 1005 et
1558 944 1715 1005 illum
1741 946 2008 1004 inmatura
2035 953 2216 1003 morte
2248 945 2327 1004 in·

348 1027 670 1106 dignissime
699 1038 917 1106 raptum
946 1039 1002 1089 et
1031 1029 1179 1089 hunc
1213 1030 1408 1107 optimi
1440 1028 1625 1088 fratris
1653 1027 1970 1089 adiumento
2005 1026 2328 1087 destitutum
2458 1017 2459 1072 l

293 1111 597 1191 Ssolisque
626 1114 818 1174 amicis
854 1111 1131 1174 relictum.
1179 1111 1394 1185 Quibus
1431 1130 1509 1172 ex
1532 1114 1717 1172 causis
1747 1114 1917 1189 exigo
1948 1120 2010 1170 ut
2040 1113 2235 1170 venias
2269 1120 2328 1172 et
2347 1134 2411 1187 10

344 1197 612 1273 suffragio
639 1213 770 1257 meo
802 1205 954 1257 tuum
981 1199 1196 1274 iungas.
1263 1195 1599 1256 Permultum
1626 1198 1861 1257 interest
1896 1212 2021 1254 mea
2049 1203 2110 1255 te
2138 1205 2328 1255 osten·
2458 1165 2459 1244 l

345 1289 487 1355 tare,
514 1289 703 1339 tecum
732 1281 1044 1341 circumire.
1106 1280 1192 1341 Ea
1220 1290 1312 1341 est
1338 1282 1639 1341 auctoritas
1671 1289 1763 1340 tua
1791 1289 1851 1340 ut
1872 1287 2062 1358 putem
2088 1296 2178 1338 me
2207 1278 2329 1339 effi·

295 1365 536 1427 acacius
568 1372 755 1423 tecum
783 1366 948 1425 etiam
978 1381 1139 1424 meos
1167 1366 1381 1425 amicos
1406 1373 1746 1441 rogaturum.
1796 1363 2110 1441 Abrumpe,
2141 1364 2190 1421 si
2220 1380 2329 1441 qua

345 1456 404 1507 te
431 1447 703 1508 retinent:
744 1448 855 1508 hoc
887 1458 1111 1527 tempus
1144 1464 1364 1526 meum,
1405 1447 1516 1507 hoc
1545 1446 1718 1525 fides,
1750 1448 1861 1509 hoc
1893 1448 2057 1506 etiam
2089 1444 2327 1523 dignitas

346 1529 608 1609 postulat.
674 1531 916 1610 Suscepi
964 1531 1344 1608 candidatum,
1388 1540 1446 1591 et
1487 1534 1817 1611 suscepisse
1859 1548 1950 1589 me
1984 1538 2176 1589 notum
2207 1538 2325 1591 est:
2348 1547 2407 1598 15

347 1631 457 1690 ego
497 1614 714 1693 ambio,
755 1633 868 1693 ego
909 1616 1233 1694 periclitor:
1283 1618 1339 1674 in
1378 1632 1618 1690 summa,
1664 1617 1711 1675 si
1745 1616 1901 1676 datur
1926 1611 2135 1673 Nasoni
2176 1613 2326 1692 quod

345 1701 507 1775 petit,
537 1697 687 1758 illius
714 1699 922 1769 honor:
952 1701 1001 1760 si
1026 1710 1286 1778 negatur,
1318 1717 1440 1759 mea
1467 1698 1698 1777 repulsa
1726 1710 1832 1761 est.
1874 1695 2036 1757 Vale.

1276 1831 1401 1893 Vll.

797 1936 852 1989 c,
891 1935 1139 1987 Pleus
1174 1934 1580 1987 cALPURNIAE
1615 1933 1784 1986 SUAE
1821 1934 1873 1985 s.

293 2051 323 2101 1
464 2037 674 2098 Scribis
705 2046 761 2097 te
783 2037 1035 2097 absentia
1063 2054 1187 2096 mea
1215 2054 1329 2095 non
1353 2034 1710 2097 mediocriter
1737 2036 1900 2097 adlici
1927 2055 2206 2115 unumque
2230 2037 2324 2097 ha·

347 2123 485 2182 bere
521 2119 810 2196 solacium,
845 2116 994 2198 quod
1024 2136 1126 2197 pro
1156 2135 1247 2178 me
1274 2118 1499 2181 libellos
1523 2135 1683 2181 meos
1711 2129 1931 2196 teneas,
1959 2138 2135 2199 saepe
2160 2123 2328 2182 etiam

295 2206 400 2265 2in
421 2205 664 2281 vestigio
704 2219 833 2261 meo
864 2201 1155 2262 conloces.
1216 2201 1440 2263 Gratum
1469 2214 1557 2264 est
1591 2203 1741 2283 quod
1761 2221 1867 2264 nos
1893 2206 2168 2283 requiris,
2197 2223 2326 2282 gra·

342 2295 459 2346 tum
500 2285 651 2365 quod
675 2284 764 2346 his
792 2284 1054 2345 fomentis
1082 2286 1434 2365 adquiescis:
1487 2289 1727 2348 invicem
1756 2306 1868 2366 ego
1900 2287 2170 2365 epistulas
2199 2298 2328 2348 tuas

343 2368 540 2429 lectito
571 2367 754 2446 adque
797 2367 1099 2429 identidem
1137 2372 1194 2428 in
1234 2386 1428 2430 manus
1472 2373 1627 2450 qnasi
1665 2389 1838 2431 novas
1879 2388 2065 2439 sumo:
2115 2372 2222 2432 sed
2252 2389 2326 2433 eo
2343 2389 2411 2443 25

290 2452 518 2527 3magis
548 2450 617 2512 ad
651 2450 988 2512 desiderium
1026 2453 1104 2512 tui
1143 2453 1444 2514 accendor.
1503 2454 1643 2514 Nam
1673 2457 1829 2517 cuius
1863 2454 2085 2515 litterae
2114 2464 2330 2516 tantum

344 2534 551 2595 habent
578 2536 897 2614 suavitatis,
940 2535 1103 2597 huius
1133 2539 1485 2599 sermonibus
1517 2547 1776 2618 quantum
1804 2528 2119 2599 dulcedinis
2146 2539 2329 2600 inest!

343 2617 425 2678 Tu
454 2628 638 2681 tamen
665 2636 828 2698 quam
858 2619 1316 2699 frequentissime
1342 2622 1564 2701 scribe,
1609 2621 1744 2684 licet
1786 2622 1899 2685 hoc
1929 2622 2007 2682 ita
2031 2641 2123 2683 me
2158 2622 2327 2684 dele·

344 2711 460 2764 ctet
488 2714 548 2764 ut
575 2712 853 2782 torqueat.
907 2705 1067 2766 Vale.

2342 1968 2411 2020 20

1256 2835 1404 2899 v111.
2345 2810 2412 2863 ³⁰

924 2937 978 2992 C.
1012 2938 1258 2990 PLINIUS
1287 2939 1508 2991 PRISCO
1543 2939 1664 2992 SUO
1696 2938 1750 2995 S.

295 3049 324 3101 1
464 3040 695 3100 Atilium
722 3038 1092 3104 Crescentem
1120 3053 1181 3103 et
1204 3044 1354 3104 nosti
1377 3053 1436 3104 et
1455 3061 1624 3105 amas.
1668 3044 1807 3118 Quis
1835 3046 1982 3105 enim
2009 3044 2167 3105 illum
2190 3063 2328 3124 spe·

344 3124 544 3183 ctatior
574 3123 742 3202 paulo
778 3135 872 3186 aut
910 3139 1022 3186 non
1065 3128 1219 3185 novit
1259 3134 1353 3186 aut
1396 3145 1508 3188 non
1550 3125 1734 3188 amat?
1788 3127 1948 3190 Hunc
1979 3144 2093 3206 ego
2121 3147 2235 3190 non
2263 3140 2327 3191 ut

288 3205 492 3268 2multi
521 3206 626 3266 sed
648 3209 923 3269 artissime
948 3208 1139 3286 diligo.
1205 3207 1426 3289 Oppida
1453 3221 1642 3272 nostra
1670 3214 1834 3273 unius
1863 3212 1975 3272 diei
2008 3214 2212 3273 itinere
2241 3213 2325 3274 di·
2342 3228 2407 3282 35

335 3291 630 3350 rimantur:
682 3292 793 3369 ipsi
835 3310 1019 3352 amare
1053 3293 1327 3370 invicem,
1377 3295 1471 3373 qui
1512 3304 1601 3357 est
1642 3296 2100 3373 flagrantissimus
2139 3314 2323 3376 amor,

336 3371 743 3434 adulescentuli
785 3377 1095 3453 coepimus.
1153 3373 1356 3437 Mansit
1384 3375 1477 3436 hic
1509 3387 1744 3456 postea,
1795 3397 1903 3440 nec
1933 3378 2152 3440 refrixit
2179 3382 2325 3441 iudi·

337 3457 429 3517 cio
477 3457 582 3518 sed
621 3456 871 3519 invaluit.
952 3458 1148 3518 Sciunt
1192 3461 1287 3537 qui
1332 3459 1654 3521 alterutrum
1693 3472 1945 3523 nostrum
1994 3462 2326 3526 familiarius
