2467 3850
783 158 1306 223 PANEGYRICUS
1336 171 1420 226 56.
1445 170 1532 226 57.
2017 167 2140 231 273

163 315 338 375 facies
376 320 436 373 et
475 311 724 373 amabilis
758 311 945 373 vultus
980 314 1037 372 in
1074 315 1315 374 omnium
1361 316 1564 375 civium
1612 331 1712 376 ore
1755 316 1935 378 oculis
1961 321 2141 380 animo

162 398 342 459 sedet.
381 407 388 413 ’
1105 426 1110 432 ·

281 480 602 542 Adnotasse
641 495 746 539 vos
793 479 1003 558 credo,
1056 489 1251 558 patres
1289 484 1628 562 conscripti,
1683 485 1788 545 iam
1818 484 2030 543 dudum·
2050 504 2138 545 me
2161 479 2242 543 56

158 583 268 627 non
307 565 524 642 eligere
566 582 710 642 quae
747 562 1007 623 referam.
1059 563 1416 643 Propositum
1455 577 1546 627 est
1577 569 1724 627 enim
1766 568 1897 627 mihi
1937 570 2139 646 princi-

104 663 137 713 5
157 667 284 728 pem
319 648 579 726 laudare,
624 666 736 708 non
769 650 1040 726 principis
1070 647 1234 710 facta.
1287 648 1427 709 Nam
1455 649 1746 711 laudabilia
1775 652 1945 712 multa
1977 654 2141 711 etiam

157 733 285 794 mali
314 731 555 808 faciunt,
596 734 722 811 ipse
753 731 962 791 laudari
987 734 1094 792 nisi
1126 735 1368 812 optimus
1398 750 1509 794 11011
1547 744 1757 812 potest.
1812 734 2000 807 Quare
2030 754 2141 795 non

156 818 264 878 alia
289 819 496 894 maior,
526 820 829 895 imperator
856 825 1126 893 auguste,
1155 816 1337 894 gloria
1368 828 1462 878 tua
1488 836 1652 897 quam
1674 820 1824 897 quod
1844 820 2139 896 agentibus

156 901 257 962 tibi
284 903 491 978 gratias
518 898 655 959 nihil
685 898 981 960 velandum
1011 909 1136 977 est,
1161 900 1296 960 nihil
1329 902 1691 963 omittendum
1721 912 1830 962 est.
1874 902 2021 975 Quid
2049 913 2140 963 est

157 988 303 1045 enim
329 986 386 1045 in
415 985 726 1062 principatu
756 994 853 1044 tuo
884 983 1036 1062 quod
1066 987 1391 1063 cuiusquam
1420 986 1764 1064 praedicatio
1786 986 1881 1045 vel
1908 989 2136 1047 transsi-

72 1083 141 1134 10
159 1069 263 1129 lire
299 1068 394 1129 vel
437 1067 794 1146 praetervehi
840 1064 1085 1131 debeat?
1155 1067 1322 1141 Quod
1361 1078 1732 1147 momentum,
1781 1070 1931 1148 quod
1973 1072 2137 1130 immo

154 1154 425 1229 temporis
454 1162 721 1231 punctum
741 1160 837 1211 aut
859 1153 1140 1213 beneficio
1176 1152 1373 1213 sterile
1400 1163 1492 1213 aut
1521 1171 1756 1214 vacuum
1778 1151 1983 1214 laude?
2012 1153 2140 1213 Non

157 1239 338 1298 omnia
367 1238 491 1298 eius
517 1236 667 1295 modi
694 1245 754 1295 ut
783 1238 831 1295 is
866 1238 1074 1315 optime
1103 1246 1161 1296 te
1192 1237 1454 1299 laudasse
1481 1238 1734 1298 videatur
1762 1240 1855 1316 qui
1882 1256 2137 1298 narrave-

152 1323 226 1381 rit
252 1318 618 1382 fidelissime?
661 1318 787 1392 Quo
817 1320 878 1379 fit
910 1330 970 1381 ut
1000 1339 1181 1399 prope
1212 1325 1271 1381 in
1303 1324 1613 1383 inmensum
1643 1321 1974 1382 diffundatur
2015 1339 2137 1381 ora-

154 1407 233 1465 tio
272 1419 427 1481 mea,
481 1413 539 1463 et
579 1403 817 1464 necdum
848 1404 920 1464 de
950 1405 1175 1464 biennio
1202 1405 1425 1482 loquor.
1497 1404 1676 1478 Quam
1706 1405 1877 1466 multa
1914 1405 2029 1466 dixi
2068 1407 2140 1465 de

69 1497 137 1552 15
156 1488 570 1564 moderatione,
631 1496 689 1547 et
731 1496 939 1565 quanto
980 1487 1143 1567 plura
1182 1488 1366 1548 adhuc
1408 1488 1650 1548 restant!
1706 1498 1767 1549 ut
1804 1489 1942 1549 illud
1990 1490 2141 1567 quod

155 1573 462 1633 secundum
502 1569 851 1632 consulatum
885 1572 1190 1649 recepisti,
1237 1574 1365 1650 quia
1405 1575 1674 1650 princeps
1705 1581 1761 1631 et
1789 1584 1951 1651 pater
1979 1574 2137 1634 defe-

152 1657 328 1717 rebat.
377 1656 453 1716 At
484 1664 782 1735 postquam
808 1653 880 1713 ad
908 1663 967 1714 te
995 1656 1213 1733 imperii
1242 1672 1507 1715 summam
1537 1664 1594 1714 et
1625 1672 1751 1714 cum
1781 1660 2019 1715 omnium
2048 1675 2137 1716 re-

149 1759 272 1799 rum
299 1750 415 1799 tum
445 1743 612 1800 etiam
640 1740 719 1799 tui
748 1747 1089 1817 potestatem
1112 1738 1188 1798 dii
1219 1737 1652 1814 transtulerunt,
1686 1741 1909 1798 tertium
1932 1757 2136 1799 consu-

151 1824 326 1883 latum
353 1824 665 1899 recusasti,
700 1839 824 1882 cum
844 1840 1019 1898 agere
1051 1830 1159 1881 tam
1186 1824 1393 1883 bonum
1423 1819 1714 1882 consulem
1741 1840 1965 1900 posses
2022 1822 2136 1883 Ma-

35 1936 38 1943 „
61 1920 318 1987 mgnum
361 1915 451 1968 est
477 1906 706 1968 differre
733 1905 1039 1984 honorem,
1087 1906 1326 1984 gloriam
1353 1908 1547 1967 maius.
1618 1902 1851 1966 Gestum
1881 1906 2137 1984 consula-

148 2005 266 2055 tum
296 1995 465 2051 mirer
505 2010 574 2051 311
613 2002 725 2050 11011
752 1988 1088 2069 receptum?
1140 2000 1362 2068 gestum
1391 2008 1501 2050 non
1529 1992 1584 2049 in
1611 1989 1724 2051 hoo
1753 1991 1907 2051 urbis
1936 1991 2051 2050 otio
2081 2001 2139 2049 et

146 2079 339 2137 intimo
382 2076 505 2134 sinu
540 2075 731 2151 pacis,
774 2073 879 2135 sed
906 2077 1057 2134 iuxta
1085 2075 1347 2135 barbaras
1376 2083 1619 2152 gentes,
1654 2082 1714 2133 ut
1755 2074 1838 2137 illi
1878 2073 2138 2135 solebant

35 2198 38 2209 „
150 2160 355 2240 quibus
397 2168 515 2218 erat
549 2160 721 2218 moris
760 2157 1155 2237 paludamento
1189 2167 1401 2218 mutare
1427 2165 1775 2239 praetextam
1803 2160 2137 2236 ignotasque

147 2255 330 2322 terras
358 2242 598 2302 victoria
624 2243 809 2321 sequi.
864 2240 1164 2303 Pulchrum
1190 2244 1460 2321 imperio,
1503 2241 1812 2319 gloriosum
1838 2243 1972 2319 tibi,
2011 2261 2137 2301 cum

49 2337 130 2391 ‘25
149 2339 209 2389 te
238 2327 382 2388 socii
408 2335 577 2406 atque
601 2328 762 2387 amici
786 2344 888 2386 sua
915 2329 971 2386 in
992 2330 1201 2405 patria,
1233 2329 1351 2388 suis
1382 2329 1437 2386 in
1460 2326 1690 2389 sedibus
1720 2328 1989 2389 adierunt.
2021 2326 2136 2386 De-

150 2429 286 2475 cora
316 2410 529 2488 facies,
566 2410 818 2470 consulis
850 2410 1020 2470 multa
1051 2421 1183 2490 post
1212 2410 1442 2471 saecula
1464 2410 1702 2472 tribunal
1726 2411 1887 2471 viridi
1912 2413 2135 2489 cespite

149 2504 465 2555 extructum
505 2514 613 2554 nec
654 2495 887 2555 fascium
932 2504 1140 2555 tantum
1176 2494 1281 2556 sed
1318 2494 1560 2573 pilorum
1602 2497 2001 2573 signorumque
2033 2495 2134 2552 ho-

148 2596 289 2638 nore
337 2578 752 2639 circumdatum.
818 2578 1118 2655 Augebant
1151 2581 1495 2640 maiestatem
1523 2577 1896 2656 praesidentis
1926 2578 2135 2637 diversi
2210 2626 2211 2629 ,

147 2662 549 2741 postulantium
577 2661 798 2722 habitus
827 2680 894 2721 ac
921 2662 1184 2723 dissonae
1215 2679 1390 2723 voces
1414 2680 1649 2739 raraque
1680 2664 1801 2721 sine
1825 2654 2136 2738 interprete

35 2749 354 2811 ÷3ooratio.
404 2745 762 2822 Magnificum
802 2755 892 2805 est
934 2747 1152 2806 civibus
1193 2749 1346 2823 iura,
1392 2745 1527 2825 quid
1564 2744 1823 2805 hostibus
1851 2741 2135 2805 reddere?

146 2832 477 2909 speciosum
512 2839 723 2889 certam
752 2828 862 2888 fori
890 2848 1124 2909 pacem,
1158 2831 1337 2908 quid
1320 2848 1570 2890 inmanes
1607 2847 1835 2908 campos
1867 2828 2009 2888 sella
2041 2848 2134 2888 cu-

144 2913 255 2974 ruli
298 2914 647 2990 victorisque
701 2916 947 2991 vestigio
989 2931 1287 2992 premere,
1338 2916 1607 2973 inminere
1649 2913 1955 2973 minacibus
1996 2914 2134 2990 ripis

35 3052 42 3077 1
144 3007 324 3058 tutum
364 2999 762 3075 quietumque,
812 3013 1087 3076 spernere
1128 2998 1397 3058 barbaros
1427 2997 1715 3073 fremitus,
1755 2996 2134 3074 hostilemque

144 3092 424 3145 terrorem
452 3099 565 3141 non
594 3098 871 3140 armorum
898 3083 1079 3157 magis
1110 3100 1277 3180 quam
1306 3091 1561 3159 togarum
1591 3083 1965 3143 ostentatione
1996 3099 2131 3143 con-

35 3170 128 3228 135
148 3162 438 3245 pescere?
480 3162 677 3243 Itaque
706 3184 818 3226 11011
845 3175 901 3226 te
935 3165 1083 3242 apud
1111 3167 1419 3243 imagines,
1449 3164 1588 3227 sed‘
1573 3182 1758 3242 ipsum
1778 3176 2135 3243 praesentem

144 3249 580 3329 audientemque
610 3249 1030 3310 consalutabant
1057 3252 1472 3329 imperatorem,
1499 3267 1836 3326 nomenque,
1869 3250 2019 3330 quod
2040 3248 2132 3309 alii

145 3333 372 3394 domitis
394 3334 691 3411 hostibus,
722 3343 782 3393 tu
812 3336 1148 3411 contemptis
1178 3333 1489 3395 merebere.

270 3413 427 3474 Haec
455 3417 577 3481 laus
606 3421 718 3480 acti
746 3417 1067 3481 consulatus
1080 3441 1096 3491 ;
1128 3417 1226 3480 illa
1248 3417 1396 3480 dilati
1421 3418 1572 3498 quod
1591 3417 1772 3562 311111ὲο
1795 3420 1953 3479 initio
1978 3417 2126 3496 prin·
2151 3412 2227 3476 57

231 3505 380 3559 Pmm
405 3504 502 3560 ΕΡ.
1668 3501 1701 3564 l
