2467 3850
320 133 404 196 64
1152 133 1215 195 C.
1260 132 1451 194 PLINI
2454 131 2466 290 q

1248 286 1372 347 XX.

729 403 782 457 C.
823 403 1071 455 PLINIUS
1107 403 1339 456 MESSIO
1376 404 1638 455 MAXIMO
1675 402 1796 455 SUO
1832 402 1887 456 S.

269 559 301 609 l
437 539 807 601 Meministine
848 551 906 602 te
948 560 1125 622 saepe
1165 542 1383 619 legisse
1415 551 1645 619 quantas
1674 543 2064 603 contentiones
2095 544 2310 603 excita-

317 627 388 685 rit
418 625 515 684 lex
543 624 832 685 tabellaria
863 636 1237 705 quantumque
1281 628 1388 705 ipsi
1429 625 1591 685 latori
1620 624 1714 685 vel
1742 624 1955 701 gloriae
1984 623 2079 684 vel
2110 645 2308 706 repre·
2327 633 2363 686 5
2460 553 2465 692 W

267 709 604 776 2bensionis
646 707 932 769 attulerit?
971 710 1062 769 Ad
1101 728 1248 769 nunc
1285 713 1342 769 in
1391 717 1588 770 senatu
1628 712 1750 769 sine
1795 708 1909 768 ulla
1946 708 2308 772 dissensione
2464 719 2465 792 J

319 796 431 853 hoc
461 793 609 853 idem
648 802 707 852 ut
736 796 1005 872 optimum
1044 793 1284 873 placuit:
1336 810 1530 853 omnes
1563 794 1912 853 comitiorum
1940 793 2031 853 die
2062 793 2307 856 tabellas

264 877 759 957 3postulaverunt.
825 877 1270 938 Excesseramus
1312 895 1448 938 sane
1486 876 1793 937 manifestis
1833 875 1945 937 illis
1975 880 2305 957 apertisque
2453 797 2465 1034 d

318 962 596 1038 suffragiis
628 960 907 1020 licentiam
952 964 1290 1023 contionum.
1337 960 1464 1020 Non
1493 971 1714 1039 tempus
1744 960 2045 1039 loquendi,
2077 979 2191 1022 non
2220 973 2303 1023 ta-

320 1046 481 1105 cendi
522 1044 829 1120 modestia,
873 1062 984 1104 non
1016 1045 1258 1125 denique
1298 1045 1533 1107 sedendi
1573 1045 1811 1122 dignitas
1857 1044 2296 1106 custodiebatur.
2325 1055 2394 1107 lo

265 1128 502 1207 4Hagni
532 1129 775 1207 undique
814 1130 1140 1209 dissonique
1173 1130 1480 1205 clamores,
1513 1129 1917 1207 procurrebant
1945 1147 2141 1190 omnes
2173 1148 2303 1190 cum

316 1216 433 1275 suis
471 1213 807 1290 candidatis,
852 1212 1020 1274 multa
1051 1216 1269 1291 agmina
1297 1217 1353 1273 in
1382 1212 1568 1273 medio
1601 1212 1870 1291 multique
1903 1212 2099 1273 circuli
2132 1223 2191 1273 et
2218 1216 2301 1277 in-

315 1298 525 1358 decora
551 1297 809 1357 confusio
825 1298 1010 1378 z-adeo
1042 1296 1459 1357 desciveramus
1489 1315 1521 1356 a
1549 1297 1954 1357 consuetudine
1984 1308 2299 1377 parentum,

313 1382 461 1461 apud
503 1398 646 1460 quos
690 1384 872 1441 omnia
911 1380 1183 1459 disposita
1232 1381 1517 1441 moderata
1570 1379 1911 1459 tranquilla,
1950 1383 2302 1442 maiestatem
2460 1299 2466 1462 1

264 1480 296 1529 5
315 1465 429 1525 loci
458 1464 843 1544 pudoremque
872 1466 1202 1525 retinebant.
1268 1466 1579 1544 Supersunt
1609 1483 1780 1526 senes
1798 1510 1817 1541 ,
1857 1483 1931 1525 ex
1971 1465 2172 1544 quibus
2200 1484 2296 1526 au·
2319 1481 2390 1532 15

316 1549 434 1609 dire
468 1548 633 1609 soleo
663 1549 809 1608 hunc
841 1549 1091 1609 ordinem
1135 1552 1510 1609 comitiorum:
1555 1550 1725 1610 citato
1764 1551 1986 1609 nomine
2023 1549 2300 1611 candidati
2462 1551 2465 1586 ⁴

314 1632 595 1694 silentium
623 1652 918 1701 summum
950 1633 1321 1713 dicebat‘ipse
1342 1650 1445 1712 pro
1469 1652 1556 1710 se,
1591 1632 1908 1711 explicabat
1926 1634 2096 1693 vitam
2116 1652 2296 1713 suam,

316 1726 495 1777 testes
533 1728 590 1778 et
630 1718 950 1777 laudatores
990 1718 1184 1794 dabat,
1229 1716 1326 1778 vel
1369 1735 1496 1776 eum
1539 1716 1643 1777 sub
1685 1734 1797 1793 quo
1838 1715 2171 1777 militaverat
2200 1718 2296 1778 vel

315 1820 443 1861 eum
487 1804 575 1861 cui
614 1811 883 1881 quaestor
922 1801 1103 1862 fuerat
1144 1802 1240 1863 vel
1280 1811 1604 1879 utrumque,
1660 1802 1708 1860 si
1749 1809 2008 1878 poterat,
2052 1801 2295 1863 addebat

316 1886 584 1965 quosdam
624 1906 696 1947 ex
738 1887 1229 1964 suffragatoribus:
1273 1885 1354 1946 illi
1394 1887 1642 1963 graviter
1667 1893 1724 1944 et
1754 1886 1951 1962 paucis
1981 1884 2386 1964 loqueban·20

263 1980 417 2037 fitur.
476 1971 606 2033 Plus
636 1971 747 2030 hoc
780 1990 942 2050 quam
970 1989 1175 2049 preces
1206 1970 1489 2048 proderat.
1552 1967 1682 2028 Non
1710 1986 2006 2046 numquam
2037 1970 2296 2032 candida·

312 2066 402 2116 tus
431 2065 526 2114 aut
564 2055 778 2114 natales
821 2056 1205 2132 competitoris
1235 2063 1329 2113 aut
1358 2071 1533 2113 annos
1562 2063 1655 2112 aut
1685 2056 1848 2112 etiam
1876 2069 2064 2113 mores
2092 2071 2299 2131 argue-

313 2139 422 2199 bat.
487 2138 762 2197 Audiebat
817 2147 1042 2197 senatus
1084 2139 1354 2213 gravitate
1405 2139 1677 2198 censoria.
1743 2136 1826 2197 Ita
1871 2139 2098 2216 saepius
2141 2138 2297 2215 digni

263 2232 294 2286 7
315 2240 476 2300 quam
508 2223 741 2298 gratiosi
772 2220 1188 2298 praevalebant.
1256 2219 1416 2293 Quae
1445 2238 1594 2280 nunc
1622 2220 1907 2280 inmodico
1936 2222 2135 2281 favore
2169 2239 2295 2282 cor·

310 2315 507 2384 rupta,
549 2303 620 2364 ad
662 2307 827 2363 tacita
870 2303 1132 2380 suffragia
1170 2306 1328 2381 quasi
1367 2305 1436 2365 ad
1478 2304 1785 2365 remedium
1814 2304 2289 2375 decucurrerunt;
2310 2316 2380 2368 25
2464 2314 2465 2319 ’

313 2388 464 2468 quod
505 2389 723 2447 interim
764 2386 931 2464 plane
969 2387 1276 2448 remedium
1316 2389 1449 2449 fuit:
1493 2397 1612 2450 erat
1642 2391 1791 2449 enim
1817 2406 2023 2449 novum
2053 2398 2111 2448 et
2139 2390 2293 2449 subi-

256 2485 293 2538 8
310 2482 438 2531 tum.
479 2470 594 2529 Sed
621 2486 830 2530 vereor
857 2490 928 2531 ne
960 2472 1308 2550 procedente
1338 2483 1594 2552 tempore
1622 2491 1696 2531 ex
1723 2475 1852 2550 ipso
1879 2472 2130 2533 remedio
2160 2475 2300 2534 vitia

309 2563 622 2614 nascantur.
685 2553 789 2614 Est
827 2557 971 2614 enim
1003 2556 1316 2634 periculum
1345 2576 1416 2617 ne
1445 2558 1630 2617 tacitis
1659 2556 1940 2634 suffragiis
1970 2555 2297 2635 inpudentia

310 2640 545 2717 inrepat.
581 2637 720 2698 Nam
752 2648 922 2717 quoto
955 2643 1156 2718 cuique
1186 2641 1384 2700 eadem
1406 2641 1718 2700 honestatis
1741 2657 1874 2699 cura
1895 2650 2123 2700 secreto
2149 2658 2296 2719 quae

257 2735 293 2789 9
312 2719 533 2800 palam?
573 2721 733 2783 Multi
765 2723 994 2801 famam,
1028 2727 1428 2785 conscientiam
1456 2726 1621 2803 pauci
1651 2734 1936 2784 verentur.
1983 2723 2098 2783 Sed
2129 2726 2292 2784 nimis
2313 2738 2385 2793 30

312 2807 425 2865 cito
466 2805 538 2865 de
569 2809 795 2867 futuris:
847 2810 1065 2868 interim
1095 2809 1373 2869 beneficio
1404 2807 1732 2868 tabellarum
1760 2807 2086 2867 habebimus
2116 2809 2294 2884 magi-

306 2898 510 2950 stratus
535 2895 627 2969 qui
649 2894 882 2951 maxime
905 2893 1025 2952 fieri
1049 2892 1378 2953 debuerunt.
1423 2891 1564 2951 Nam
1591 2900 1652 2950 ut
1678 2894 1736 2950 in
1763 2892 2189 2971 reciperatoriis
2210 2893 2292 2951 iu-

307 2972 468 3033 diciis
497 2977 581 3034 sic
611 2993 715 3036 nos
743 2979 800 3035 in
838 2976 925 3035 his
969 2978 1205 3036 comitiis
1248 2978 1406 3055 quasi
1445 2984 1684 3053 repente
1710 2975 2053 3053 adprehensi
2083 2976 2295 3035 sinceri

227 3069 292 3119 lo
308 3056 524 3117 iudices
545 3059 765 3119 fuimus·
810 3058 966 3119 Haec
993 3060 1093 3120 tibi
1123 3062 1348 3138 scripsi,
1382 3062 1636 3137 primum,
1664 3068 1724 3118 ut
1754 3058 1962 3138 aliquid
1990 3061 2127 3121 novi
2152 3060 2292 3119 scri·
2460 3110 2466 3157 4

306 3141 523 3219 berem,
555 3144 778 3219 deinde,
809 3154 868 3204 ut
898 3161 1009 3203 non
1032 3162 1324 3222 numquam
1354 3143 1426 3202 de
1454 3161 1520 3202 re
1551 3142 1778 3221 publica
1804 3141 2094 3221 loquerer,
2127 3144 2291 3203 cuius
2308 3151 2380 3204 35
2464 3180 2465 3183 =

306 3227 569 3286 materiae
608 3228 773 3287 nobis
805 3237 1007 3305 quanto
1036 3229 1212 3286 rarior
1241 3245 1403 3305 quam
1426 3228 1721 3287 veteribus
1752 3229 1980 3288 occasio
2008 3227 2293 3304 tantomi÷

225 3319 288 3370 11
307 3326 410 3367 nus
452 3311 754 3371 omittenda
797 3320 901 3370 est.
967 3310 1040 3371 Et
1082 3309 1326 3370 Hercule
1370 3328 1663 3389 quousque
1706 3310 1802 3370 illa
1841 3309 2094 3388 vulgaria
2136 3309 2296 3388 ‘quid

309 3389 470 3469 agis?
494 3395 699 3472 ecquid
720 3393 1011 3455 commode
1036 3391 1232 3453 vales?
1248 3399 1267 3427 ⁹
1292 3392 1544 3454 Habeant
1567 3405 1791 3455 nostrae
1816 3412 2043 3472 quoque
2067 3393 2296 3454 litterae
