2467 3850
584 162 1103 228 EPISTULARUM
1130 165 1311 227 VIIII.
1340 174 1428 231 30.
1450 176 1536 231 31.
1561 175 1647 230 32.
1671 174 1759 230 33.
2039 166 2158 231 193

1055 318 1287 380 XXXII.

738 420 793 471 C.
827 418 1073 471 PLINIUS
1100 418 1353 471 ΤΠἿΑΝΟ
1393 417 1509 470 SUO
1544 416 1596 468 S.

306 523 458 598 Quid
484 520 648 601 agis?
683 524 813 603 quid
843 534 1068 585 acturus
1097 522 1203 586 es?
1242 524 1377 604 Ipse
1408 526 1576 585 vitam
1603 523 2072 599 iucundissimam,
2105 522 2161 582 id

182 618 271 670 est
298 609 723 684 otiosissimam,
753 609 905 668 vivo.
951 608 1078 682 Quo
1108 610 1255 669 litut
1284 609 1537 669 scribere
1568 607 1857 686 longiores
1891 606 2162 687 epistulas

134 692 382 771 5nolim,
421 691 592 751 velim
635 691 868 769 legere,
912 691 1049 752 illud
1090 704 1367 772 tamquam
1399 692 1704 769 delicatus,
1747 690 1859 751 hoc
1890 701 2163 769 tamquam

181 779 415 839 otiosuS.
468 774 619 835 Nihil
648 785 736 836 est
767 778 913 836 euim
943 787 1037 838 aut
1065 779 1281 855 pigrius
1312 775 1567 837 delicatis
1596 786 1689 836 aut
1721 777 1994 836 curiosius
2021 777 2163 835 otio·

180 864 276 923 sia.
340 859 498 919 Vale.

1046 960 1305 1022 XXXIII.

732 1059 787 1112 G.
826 1060 1074 1112 PLINIUS
1111 1061 1370 1113 CANINIO
1405 1060 1525 1112 SUO
1558 1059 1610 1113 S.

56 1154 167 1239 ’ΚΟ
305 1160 481 1221 Incidi
509 1161 565 1221 in
594 1163 874 1221 materiam
904 1181 1116 1240 veram,
1147 1164 1253 1224 sed
1285 1162 1614 1225 simillimam
1647 1163 1811 1222 lictae
1833 1160 2166 1238 dignamque
2192 1178 2213 1228 l

133 1250 159 1287 ²-
182 1247 290 1305 isto
319 1244 664 1322 laetissimo,
687 1245 992 1323 altissimo,
1026 1245 1307 1326 planeque
1334 1248 1566 1327 poetico
1594 1248 1843 1322 ingenio,
1876 1244 2044 1304 incidi
2072 1262 2168 1303 au·

179 1338 327 1403 tem,
373 1329 502 1388 dum
540 1347 717 1407 super
757 1346 954 1391 cenam
993 1333 1145 1391 varia
1182 1330 1450 1393 miracula
1488 1332 1619 1391 hinc
1659 1328 1790 1390 inde
1828 1328 2166 1389 referuntur.

180 1411 382 1490 Magna
411 1416 627 1473 auctori
666 1412 839 1474 fides:
879 1418 1101 1475 tametsi
1134 1415 1268 1494 quid
1303 1423 1511 1494 poetae
1543 1432 1669 1474 cum
1700 1410 1855 1474 fide?
1898 1412 1955 1473 Is
1985 1421 2169 1472 tamen

182 1505 380 1557 auctor
418 1499 511 1556 cui
550 1497 700 1558 bene
740 1497 836 1558 vel
870 1497 1158 1559 historiam
1197 1501 1508 1578 scripturus
1541 1497 1902 1559 credidisses.
1968 1494 2075 1556 Est
2112 1497 2166 1555 in
2185 1510 2220 1562 2

13 1628 18 1643 ,
106 1590 167 1642 15
182 1580 376 1661 Africa
402 1579 785 1660 Hipponensis
816 1580 1070 1658 colonia,
1107 1583 1243 1641 mari
1283 1586 1565 1660 proxima:
1604 1581 1821 1641 adiacet
1849 1578 2168 1658 navigabile

183 1675 466 1743 stagnum:
498 1683 572 1725 ex
599 1665 711 1725 hoc
739 1665 796 1724 in
823 1664 1046 1725 modum
1079 1664 1317 1726 fluminis
1348 1667 1683 1726 aestuarium
1715 1666 1986 1741 emergit,
2018 1662 2170 1742 quod

183 1751 306 1808 vice
337 1748 574 1825 alterna,
604 1756 774 1826 prout
801 1758 992 1809 aestus
1023 1758 1116 1809 aut
1138 1750 1417 1827 repressit
1445 1758 1537 1808 aut
1566 1747 1787 1827 inpulit,
1822 1765 1969 1807 nunc
1998 1745 2168 1806 infer·

185 1841 271 1892 tur
298 1834 435 1903 mari
464 1848 611 1891 nunc
640 1830 888 1892 redditur
916 1841 1139 1910 stagno.
1185 1833 1376 1892 Omnis
1405 1833 1498 1892 hic
1528 1840 1682 1891 aetas
1712 1829 1984 1910 piscandi,
2017 1832 2167 1889 navi·
2187 1847 2223 1900 3

184 1916 347 1994 gaudi
365 1926 584 1996 „atque
612 1918 776 1978 etiam
799 1915 1020 1977 natandi
1050 1915 1234 1977 studio
1257 1927 1501 1992 tenetur,
1531 1916 1768 1976 maxime
1797 1915 1993 1993 pueri,
2025 1929 2169 1992 quos

105 2005 171 2066 20
186 2003 359 2062 otium
396 2000 668 2079 lususque
709 2000 991 2062 sollicitat.
1058 2000 1159 2060 His
1201 2000 1385 2079 gloria
1427 2009 1485 2060 et
1523 2002 1701 2060 vlrtus
1730 1998 1997 2059 altissime
2039 2013 2169 2075 pro-

152 2069 345 2145 ³.¹ve‘hi:
370 2086 572 2144 .victor
603 2085 700 2144 ille
733 2087 829 2163 qui
856 2085 1186 2163 longissime
1219 2095 1281 2145 ut
1308 2085 1438 2145 litus
1469 2087 1544 2144 ita
1572 2082 1732 2144 simul
1761 2090 2012 2142 natantes
2039 2079 2170 2140 reli·

184 2170 320 2247 quit.
366 2167 491 2227 Hoc
520 2167 822 2229 certamine
852 2187 996 2248 puer
1026 2168 1246 2249 quidam
1274 2169 1565 2229 audentior
1588 2168 1796 2228 ceteris
1826 2167 1882 2225 in
1905 2164 2225 2242 ulteriora4

182 2252 467 2313 tendebat.
532 2251 850 2332 DelphInus
890 2256 1171 2330 occurrit,
1227 2263 1286 2314 et
1327 2271 1476 2314 nunc
1517 2250 1869 2332 praecedere
1911 2267 2168 2329 puerum,

183 2355 333 2396 nunc
362 2338 557 2415 sequi,
593 2354 742 2397 nunc
776 2339 1108 2415 circumire,
1140 2347 1434 2417 postremo
1473 2337 1697 2414 subire,
1722 2334 2036 2414 deponere,
2066 2335 2172 2393 ite·

106 2428 169 2481 25
184 2439 305 2481 rum
340 2420 565 2497 subire,
606 2422 1092 2502 trepidantemque
1131 2423 1391 2501 perferre
1425 2423 1658 2500 primum
1696 2422 1755 2480 in
1784 2419 1989 2496 altum,
2036 2433 2172 2477 mox

183 2505 365 2566 flectit
391 2504 461 2564 ad
488 2504 620 2564 litus
642 2505 937 2585 redditque
969 2516 1153 2567 terrae
1184 2516 1242 2566 et
1271 2504 1618 2583 aequalibus.
1661 2504 1853 2582 Serpit
1880 2517 1988 2581 per
2010 2501 2167 2561 colo·
2187 2518 2219 2570 5

183 2592 329 2650 niam
356 2588 529 2647 sama:
574 2605 916 2650 concurrere
946 2608 1173 2664 omnes,
1218 2593 1402 2669 ipsum
1442 2605 1677 2667 puerum
1704 2597 1980 2665 tamquam
2007 2586 2169 2643 mira·

188 2673 375 2734 culum
405 2674 688 2750 aspicere,
718 2674 1104 2750 interrogare,
1134 2673 1350 2749 audire,
1381 2690 1623 2732 narrare.
1680 2670 1916 2730 Postero
1950 2667 2041 2726 die
2072 2667 2171 2725 ob-

187 2758 373 2819 sident
402 2755 567 2831 litus,
610 2766 977 2834 prospectant
1004 2773 1156 2818 mare
1187 2765 1246 2815 et
1276 2757 1324 2816 si
1355 2755 1488 2833 quid
1521 2763 1611 2814 est
1640 2754 1774 2812 mari
1803 2749 2003 2812 simile.
2062 2748 2173 2808 Na·

107 2851 305 2909 aotant
344 2839 536 2916 pueri:
577 2838 720 2898 inter
758 2839 864 2904 hos
907 2839 1038 2915 ille,
1092 2838 1197 2900 sed
1234 2841 1475 2899 cautius.
1537 2835 1852 2915 Delphinus
1879 2850 2071 2893 rursus
2104 2832 2174 2892 ad

185 2936 448 3003 tempus,
488 2939 685 2983 rursus
714 2921 784 2982 ad
812 2940 1049 3003 puerum
1068 2923 1245 2982 venit.
1286 2921 1457 2998 Fugit
1483 2920 1581 2981 ille
1612 2937 1738 2979 cum
1767 2918 1996 2978 ceteris.
2034 2915 2170 2977 Del-

162 3009 410 3087 'phinus,
441 3007 602 3085 quasi
628 3007 825 3067 invitet
855 3016 912 3067 et
941 3015 1210 3082 revocet,
1241 3003 1432 3080 exilit,
1463 3004 1735 3081 mergitur
1758 3003 2057 3079 variosque
2083 3019 2170 3061 or-

79 3091 117 3156 ·2'
187 3094 295 3158 bes
325 3091 600 3172 inplicitat
628 3090 990 3170 expeditque.
1034 3088 1161 3149 Hoc
1187 3089 1367 3149 altero
1398 3088 1522 3165 die,
1552 3088 1664 3148 hoc
1687 3088 1876 3161 tertio,
1912 3084 2023 3146 hoc
2048 3084 2171 3165 plu·
2189 3099 2222 3153 6

108 3169 133 3200 “·
188 3177 377 3253 ribus,
433 3175 620 3235 donec
657 3174 913 3235 homines
953 3175 1247 3235 innutritos
1281 3174 1414 3233 mari
1457 3172 1671 3233 subiret
1708 3169 1933 3230 timendi
1971 3170 2168 3250 pudor.

110 3250 486 3342 3253ccedunt
515 3268 574 3318 et
608 3258 872 3320 adludunt
901 3268 959 3319 et
989 3257 1306 3338 appellant,
1349 3264 1581 3335 tang-unt
1611 3256 1775 3317 etiam
1805 3262 2171 3333 pertrectant-

196 3362 306 3422 que
345 3344 728 3424 praebentem.
779 3342 1002 3404 Crescit
1042 3341 1272 3404 audacia
1302 3342 1705 3419 experimento.
1763 3337 2002 3399 Maxime
2031 3355 2173 3415 puer

195 3428 290 3506 qui
311 3430 519 3507 primus
538 3438 808 3508 expertus
829 3437 918 3492 est
946 3426 1250 3490 adnatantis
1280 3425 1453 3487 insilit
1481 3434 1667 3504 tergo,
1697 3424 1878 3568 fet-igr
1901 3421 2169 3481 refertur-

276 3516 421 3570 I’mm
450 3516 548 3570 Ep.
