2467 3850
728 169 1253 245 PANEGYmcus
1279 181 1364 236 44.
1381 182 1465 237 45.
1480 180 1565 239 46.
2013 175 2136 241 205

157 342 389 402 somne,
431 322 763 402 frugalitatis
794 325 1046 385 luxuriae
1078 343 1303 386 merces
1330 324 1521 402 datur,
1569 325 1764 387 eadem
1794 328 1903 387 ista
1933 326 2139 406 quibus

157 410 300 470 alios
323 408 533 469 artibus
555 408 858 469 adsecutos
879 408 1072 469 vident
1093 419 1518 470 consectantur:
1546 410 1856 490 qualesque
1883 420 2011 472 sunt
2031 410 2136 488 illi,

157 493 302 554 tales
334 510 468 552 esse
498 502 559 552 et
584 491 763 553 videri
792 491 1024 569 volunt,
1068 502 1128 553 et
1155 492 1286 553 dum
1312 492 1542 571 volunt,
1585 495 1735 553 liunt.
1808 494 1882 554 Et
1910 497 2132 573 priores
2154 496 2237 558 45

160 578 388 656 quidem
419 578 739 657 principes,
785 587 1032 654 excepto
1062 585 1222 655 patre
1247 587 1381 652 tuo,
1412 588 1709 655 praeterea
1738 596 1850 637 uno
1878 589 1970 639 aut
2000 578 2139 638 alte·

117 673 262 737 5ro,
312 670 370 720 et
408 661 572 720 nimis
611 661 756 737 dixi,
807 662 957 720 vitiis
999 661 1189 740 potius
1219 662 1423 720 civium
1451 679 1613 739 quam
1642 662 1938 722 virtutibus
1967 661 2137 723 laeta-

156 745 384 807 bantur:
425 746 690 823 primum,
724 744 877 823 quod
905 746 961 803 in
987 742 1099 803 alio
1129 763 1229 805 sua
1259 762 1539 823 quemque
1566 755 1760 810 natura
1786 745 2034 806 delectat
2057 791 2070 804 .
2088 791 2102 804 .
2121 792 2135 804 .

159 829 404 905 denique
433 828 584 906 quod
613 830 984 906 patientiores
1006 829 1291 888 servitutis
1320 828 1718 889 arbitrabantur
1740 846 1884 907 quos
1908 848 2020 890 non
2041 828 2139 889 de-

159 921 320 972 ceret
353 930 485 972 esse
523 914 629 973 nisi
668 928 886 974 servos.
958 909 1168 972 Horum
1207 915 1265 973 in
1305 915 1483 974 sinum
1524 916 1702 972 omnia
1734 913 2137 990 congerebant,

159 998 343 1057 bonos
381 1004 567 1055 autem
596 997 711 1055 otio
742 1013 810 1055 ac
838 997 948 1055 situ
981 997 1272 1057 abstrusos
1303 1006 1361 1056 et
1402 998 1559 1074 quasi
1601 996 1861 1074 sepultos
1894 1014 2006 1056 non
2032 998 2140 1057 nisi

81 1087 146 1139 10
162 1078 534 1140 delationibus
565 1088 623 1139 et
643 1079 912 1157 periculis
943 1082 997 1139 in
1018 1080 1203 1144 lucem
1221 1098 1290 1140 ac
1308 1081 1457 1140 diem
1477 1079 1857 1160 proferebant.
1901 1079 1985 1139 Tu
2008 1082 2139 1140 ami·

163 1181 268 1224 cos
299 1181 373 1224 ex
401 1165 623 1241 optimis
654 1161 833 1240 legis;
865 1173 923 1224 et
949 1163 1195 1225 Hercule
1225 1167 1469 1244 aequum
1498 1173 1587 1225 est
1620 1179 1752 1226 esse
1785 1182 1888 1225 eos
1919 1165 2139 1225 carissi·

160 1265 284 1306 mos
316 1247 464 1307 bono
493 1249 732 1326 principi
761 1249 853 1325 qui
876 1250 1037 1308 invisi
1059 1248 1202 1309 malo
1229 1249 1453 1309 fuerint.
1498 1248 1648 1326 Scis,
1681 1258 1742 1310 ut
1768 1258 1897 1309 sunt
1917 1248 2141 1307 diversa

162 1340 355 1392 natura
397 1331 694 1391 dominatio
730 1340 788 1390 et
815 1334 1193 1411 principatus,
1242 1335 1318 1394 ita
1354 1350 1467 1393 non
1494 1331 1616 1392 aliis
1661 1350 1795 1394 esse
1828 1334 2141 1411 principem

163 1416 468 1492 gratiorem
513 1432 678 1493 quam
717 1417 811 1492 qui
854 1417 1092 1475 maxime
1136 1415 1414 1477 dominum
1453 1426 1772 1494 graventur.
1839 1415 1958 1476 Hos
1999 1432 2140 1493 ergo

84 1509 146 1561 15
165 1498 433 1578 provehis
477 1508 535 1559 et
576 1508 825 1560 ostentas
867 1502 1025 1576 quasi
1066 1502 1360 1577 specimen
1397 1510 1456 1560 et
1495 1500 1816 1579 exemplar,
1869 1518 2013 1579 quae
2040 1499 2144 1559 tibi

164 1592 325 1643 secta
351 1585 522 1659 vitae,
554 1582 704 1661 quod
731 1582 1009 1642 hominum
1036 1598 1220 1659 genus
1249 1583 1498 1660 placeat;
1547 1592 1606 1643 et
1632 1584 1763 1643 ideo
1793 1602 1904 1644 non
1940 1601 2142 1644 censu-

158 1683 280 1726 ram
314 1666 528 1743 adhuc,
582 1683 694 1725 non
724 1666 1136 1744 praefecturam
1163 1684 1379 1726 morum
1408 1669 1710 1750 recepisti,
1758 1670 1886 1746 quia
1912 1668 2014 1727 tibi
2044 1667 2141 1726 be·

159 1751 384 1810 neficiis
408 1751 597 1829 potins
621 1767 783 1828 quam
806 1748 1068 1809 remediis
1094 1752 1319 1828 ingenia
1344 1760 1533 1810 nostra
1555 1752 1797 1829 experiri
1818 1751 2024 1828 placet.
2068 1748 2145 1810 Et

160 1832 374 1912 alioqui
414 1836 609 1893 nescio
654 1853 723 1895 an
758 1833 888 1912 plus
928 1835 1177 1894 moribus
1224 1833 1480 1894 conferat
1517 1835 1784 1913 princeps
1825 1836 1920 1911 qui
1962 1834 2145 1894 bonos

78 1920 301 1978 20esse
337 1919 542 1995 patitur
583 1936 745 1996 quam
773 1918 868 1996 qui
907 1919 1079 1995 cogit.
1158 1917 1467 1980 Flex’rbiles
1496 1934 1901 1997 quamcumque
1936 1918 1991 1975 in
2019 1936 2144 1995 par·

158 2010 281 2061 tem
309 2000 558 2059 ducimur
583 2020 615 2060 a
647 2002 904 2080 principe
930 2010 1097 2080 atque
1114 2046 1132 2077 ,
1179 2012 1240 2062 ut
1268 2004 1344 2062 ita
1372 2002 1579 2080 dicam,
1632 2018 1911 2078 sequaces
1936 2018 2142 2061 sumus.

157 2083 313 2145 Huic
336 2086 483 2143 enim
512 2087 625 2143 cari
642 2129 660 2161 ,
687 2084 817 2143 huic
845 2085 1066 2163 probati
1100 2102 1230 2146 esse
1265 2088 1553 2164 cupimus,
1598 2084 1750 2164 quod
1780 2083 1985 2144 frustra
2013 2100 2145 2159 spe·

159 2169 412 2227 raverint
452 2167 780 2237 dissimiles;
834 2186 1019 2247 eoque
1061 2168 1317 2248 obsequii
1345 2169 1756 2228 continuatione
1787 2169 2147 2247 pervenimus

162 2262 229 2310 ut
265 2268 449 2331 prope
494 2268 689 2314 omnes
733 2251 986 2312 homines
1021 2255 1183 2312 unius
1211 2253 1459 2313 moribus
1492 2255 1761 2312 vivamus.
1827 2250 2004 2310 Porro
2033 2268 2146 2310 non

79 2341 147 2394 25
166 2345 279 2395 tam
318 2338 545 2396 sinistre
587 2338 945 2396 constitutum
975 2346 1062 2397 est
1098 2346 1198 2413 ut,
1246 2339 1342 2416 qui
1373 2335 1572 2396 malum
1600 2338 1912 2415 principem
1941 2352 2144 2413 possu-

164 2437 325 2497 mus,
367 2420 575 2479 bonum
601 2438 713 2481 non
746 2422 1028 2500 possimus
1059 2422 1276 2481 imitari.
1343 2419 1526 2497 Perge
1564 2418 1763 2496 modo,
1803 2418 2042 2494 caesar,
2087 2426 2146 2478 et

164 2505 280 2562 vim
302 2504 682 2582 effectumque
715 2522 990 2564 censurae
1016 2514 1165 2564 tuum
1189 2507 1574 2584 propositum,
1627 2505 1709 2563 tui
1741 2514 1899 2564 actus
1931 2504 2144 2562 obtine·

166 2587 325 2646 bunt.
361 2586 500 2647 Nam
531 2590 643 2648 vita
669 2590 937 2667 principis
965 2607 1206 2649 censura
1236 2599 1325 2649 est
1356 2607 1536 2667 eaque
1567 2595 1868 2666 perpetua:
1903 2586 1971 2644 ad
2003 2585 2147 2643 hanc

169 2670 487 2749 dirigimur,
541 2672 611 2731 ad
639 2671 783 2732 hanc
818 2674 1224 2748 convertimur,
1267 2690 1374 2732 nec
1406 2683 1515 2732 tam
1542 2673 1777 2749 imperio
1807 2670 1975 2728 nobis
2003 2683 2149 2746 opus

81 2759 152 2813 30
169 2764 258 2814 est
290 2757 451 2833 quam
485 2755 764 2835 exemplo.
840 2756 1066 2835 Quippe
1093 2756 1333 2816 infidelis
1362 2758 1504 2816 recti
1532 2757 1803 2832 magister
1831 2762 1920 2813 est
1947 2759 2149 2810 metus.

166 2836 375 2898 Melius
417 2840 670 2899 homines
701 2840 976 2919 exemplis
1010 2839 1319 2917 docentur,
1352 2858 1494 2918 quae
1524 2842 1580 2899 in
1610 2839 1805 2917 primis
1841 2836 1958 2895 hoc
1995 2837 2051 2895 in
2082 2853 2148 2894 se

168 2922 305 2982 boni
332 2922 571 3000 habent,
605 2922 756 3001 quod
793 2924 1101 3003 adprobant
1137 2942 1283 3002 quae
1311 2924 1661 3002 praecipiunt
1691 2923 1810 2981 fieri
1838 2938 2031 2999 posse.
2071 2918 2145 2978 Et
2170 2914 2250 2977 46

170 3007 296 3084 quis
329 3015 513 3066 terror
545 3007 815 3068 valuisset
841 3008 1074 3069 efficere
1106 3008 1259 3086 quod
1290 3009 1606 3067 reverentia
1635 3008 1715 3066 tui
1744 3000 1978 3065 effecit?
2035 3002 2148 3063 oh-

168 3092 331 3150 tinuit
360 3088 559 3167 aliquis
588 3100 650 3150 ut
684 3090 1071 3170 spectaculum
1100 3093 1559 3169 pantomimorum
1591 3089 1835 3169 populus
1865 3087 2149 3147 Romanus

79 3182 152 3239 35
171 3172 298 3232 tolli
328 3181 649 3250 pateretur,
681 3175 784 3235 sed
815 3193 927 3235 non
957 3174 1192 3235 obtinuit
1221 3184 1283 3234 ut
1310 3174 1503 3235 vellet.
1544 3174 1798 3251 Rogatus
1829 3190 1892 3232 es
1917 3181 1975 3231 tu
1999 3171 2151 3250 quod

170 3258 416 3334 cogebat
440 3256 612 3333 alius,
647 3261 952 3338 coepitque
981 3276 1111 3318 esse
1140 3259 1474 3318 beneficium
1503 3257 1654 3337 quod
1678 3259 1992 3318 necessitas
2026 3255 2146 3313 fue·

166 3349 270 3399 rat.
315 3338 517 3417 Neque
543 3343 688 3401 enim
716 3360 746 3400 a
781 3352 836 3401 te
873 3345 1084 3402 minore
1118 3352 1399 3402 concentu
1420 3351 1480 3402 ut
1509 3342 1746 3407 tolleres
1775 3341 2148 3421 pantomimos

171 3439 337 3500 qnam
361 3441 393 3482 a
427 3433 584 3501 patre
623 3433 724 3484 tuo
751 3435 810 3485 ut
838 3428 1160 3487 restitueret
1184 3437 1441 3486 exactum
1471 3436 1579 3487 est.
1623 3425 1929 3504 Utrumque
1956 3429 2146 3481 recte:
