2467 3850
424 199 943 262 EPISTULARUM
970 201 1096 262 VII.
1139 211 1224 265 12.
1257 211 1340 265 13.
1376 212 1460 264 14.
1495 214 1579 264 15.
1613 212 1696 266 16.
1734 213 1819 266 17.
1991 202 2110 268 141

125 372 270 431 rogo
299 362 359 413 et
388 355 560 431 exigo
593 363 654 414 ut
675 372 786 414 non
818 354 1002 414 solum
1031 353 1165 432 quid
1193 362 1274 430 te,
1304 371 1500 412 verum
1532 356 1698 414 etiam
1729 354 1861 434 quid
1895 372 1984 415 me
2014 354 2110 415 de-

27 439 28 492 ?
129 447 256 498 ceat
284 438 529 515 aspicias
570 440 911 516 patiarisque
947 456 1037 497 me
1070 439 1123 495 in
1151 437 1264 496 hoc
1295 455 1406 496 uno
1441 438 1543 497 tibi
1573 437 1774 497 eodem
1812 441 1993 498 animo
2022 457 2111 497 rc·

25 559 32 654 s
128 539 379 599 pugnare
412 538 524 598 quo
555 523 609 580 in
633 521 887 581 omnibus
923 521 1164 599 obsequi
1195 520 1380 580 soleo.
1443 520 1606 580 Vale.

1063 653 1187 713 XV.
1678 703 1683 708 ,

83 685 113 735 ⁵
615 715 700 808 c.
740 752 989 805 Pmes
1025 751 1384 804 SATURNmo
1421 751 1539 803 suo
1567 751 1620 806 s,

250 852 518 932 Requiris
550 854 685 928 quid
717 873 895 932 agam.
957 854 1115 928 Quae
1146 855 1326 914 nosti:
1377 853 1702 930 destringor
1729 854 1945 932 officio,
1977 858 2107 915 ami-
2134 870 2158 921 1

130 940 213 999 cis
242 938 507 999 deservio
525 984 543 1016 ,
577 938 780 999 studeo
815 938 1124 1015 interdum,
1171 937 1324 1016 quod
1352 954 1463 997 non
1492 937 1767 997 interdum
1795 938 1897 999 sed
1926 939 2110 1000 solum

129 1039 471 1100 semperque
513 1023 738 1100 facere,
779 1040 891 1084 non
930 1022 1112 1083 audeo
1157 1022 1353 1081 dicere
1394 1023 1643 1099 rectius,
1688 1032 1843 1083 certe
1889 1024 2107 1084 beatius

56 1115 116 1166 10
130 1116 271 1166 erat.
314 1104 396 1165 Te
433 1108 613 1166 omnia
646 1106 752 1167 alia
794 1125 958 1185 quam
997 1124 1141 1184 quae
1179 1105 1328 1165 velis
1372 1123 1548 1183 agere
1591 1105 1833 1167 moleste
1878 1107 2159 1184 ferrem,2

125 1192 237 1250 nisi
275 1208 343 1250 ea
377 1207 520 1269 quae
562 1192 685 1268 agis
732 1199 928 1252 essent
965 1189 1384 1251 honestissima.
1445 1188 1586 1249 Nam
1627 1198 1686 1249 et
1727 1193 1811 1250 rei
1847 1191 2108 1272 publicae

127 1291 265 1334 suae
289 1277 520 1351 negotia
550 1292 745 1335 curare
783 1286 842 1335 et
873 1275 1194 1352 disceptare
1225 1275 1373 1334 inter
1405 1275 1617 1334 amicos
1647 1273 1813 1333 laude
1848 1275 2108 1351 dignissi-

125 1374 277 1416 mum
316 1368 424 1419 est.
485 1358 661 1420 Prisci
700 1362 877 1419 nostri
923 1358 1352 1419 contubernium
1391 1357 1691 1417 iucundum
1730 1360 1833 1418 tihi
1864 1359 2157 1421 futurum3

128 1441 393 1502 sciebam.
456 1442 736 1503 Noveram
779 1443 1196 1521 simplicitatem
1240 1444 1396 1519 eiuS,
1448 1458 1714 1501 noveram
1756 1443 2104 1502 comitatem:

54 1529 114 1580 15
128 1525 367 1585 eundem
396 1545 550 1603 esse,
587 1527 740 1605 quod
768 1529 950 1588 minus
978 1543 1192 1602 noram,
1220 1528 1599 1602 gratissimum
1628 1529 1896 1603 experior
1914 1572 1931 1602 ,
1979 1544 2106 1585 cum

126 1619 236 1674 tam
259 1610 499 1671 iucunde
522 1610 836 1671 officiorum
856 1621 1176 1672 nostrorum
1195 1611 1518 1669 meminisse
1543 1627 1671 1668 eum
1688 1611 1924 1670 scribaS.
1945 1610 2106 1671 Vale.
2141 1661 2147 1670 .

1045 1741 1197 1803 XVI.

484 1843 536 1894 c,
576 1842 821 1896 PL1N1US
850 1842 1099 1894 FABA'ro
1135 1837 1506 1893 PRosocERo
1545 1840 1662 1892 SUO
1697 1839 1749 1894 S.

44 1959 109 2012 20
246 1943 581 2007 Calestrium
614 1945 880 2006 Tironem
911 1945 1341 2006 familiarissime
1371 1942 1579 2019 diligo,
1625 1952 1683 2003 et
1712 1943 1944 2020 privatis
1977 1943 2107 2003 mihi
2127 1955 2156 2005 1

122 2039 182 2090 et
210 2030 455 2107 publicis
487 2031 1001 2092 necessitudinibus
1033 2029 1366 2108 inplicitum.
1407 2027 1585 2086 Simul
1616 2026 2000 2103 militavimus,
2030 2029 2156 2088 si·2

119 2112 235 2173 mul
280 2124 615 2191 quaestores
657 2112 918 2176 Caesaris
964 2114 1188 2175 fuimus.
1243 2110 1348 2173 Ille
1379 2129 1469 2170 me
1501 2113 1557 2170 in
1583 2112 1864 2171 tribunatu
1894 2110 2103 2171 libero·

117 2215 246 2259 rum
281 2199 401 2258 iure
437 2202 788 2278 praecessit,
830 2215 944 2276 ego
983 2197 1140 2257 illum
1178 2201 1236 2256 in
1274 2205 1534 2274 praetura
1569 2213 1691 2255 sum
1735 2204 2102 2271 consecutus,

121 2299 250 2341 cum
290 2282 423 2341 mihi
454 2282 664 2344 Caesar
693 2300 892 2342 annum
927 2284 1261 2343 remisisset.
1323 2279 1453 2357 Ego
1495 2281 1551 2338 in
1580 2278 1743 2340 villas
1775 2281 1899 2340 eius
1931 2296 2106 2357 saepe

34 2377 103 2429 25
121 2368 366 2442 secessi,
402 2366 500 2427 ille
536 2368 591 2426 in
622 2366 788 2426 domo
820 2385 946 2427 mea
972 2383 1148 2444 saepe
1177 2363 1480 2425 convaluit.
1525 2362 1631 2423 Hic
1660 2381 1809 2422 nunc
1836 2381 1942 2443 pro
1973 2371 2159 2423 con-3

118 2449 249 2521 sule
287 2453 636 2528 provinciam
665 2450 947 2511 Baeticam
981 2468 1088 2529 per
1126 2448 1382 2509 Ticinum
1409 2457 1500 2508 est
1529 2450 1826 2525 petiturus.
1893 2448 2102 2526 Spero,

117 2536 289 2593 immo
335 2533 558 2594 confido
601 2534 771 2594 facile
808 2552 900 2594 me
933 2536 1338 2613 inpetraturum
1380 2541 1439 2590 ut
1482 2550 1555 2591 ex
1595 2533 1796 2591 itincre
1839 2531 2105 2591 deflectat

113 2617 187 2677 ad
228 2626 285 2677 te
306 2655 325 2686 ‚
383 2620 433 2678 si
470 2618 636 2679 voles
679 2618 923 2678 vindicta
956 2618 1200 2678 liberare
1232 2633 1376 2695 quos
1414 2616 1669 2693 proxime
1703 2616 1851 2675 inter
1890 2616 2101 2674 amicos
2121 2620 2157 2672 4

115 2703 504 2762 manumisisti.
549 2702 700 2764 Nihil
734 2711 823 2764 est
857 2702 1011 2780 quod
1038 2705 1290 2763 verearis
1319 2719 1389 2759 ne
1421 2701 1492 2759 sit
1521 2698 1632 2757 hoc
1665 2697 1748 2756 illi
1782 2696 2102 2772 molestum,

28 2796 100 2849 30
122 2787 217 2845 cui
260 2786 458 2844 orbem
501 2795 771 2846 terrarum
814 2787 1106 2845 circumire
1150 2803 1265 2844 non
1307 2784 1413 2842 erit
1465 2782 1694 2857 longum
1740 2797 1865 2839 mea
1912 2796 2099 2839 causa.

112 2868 362 2930 Proinde
388 2870 607 2929 nimiam
633 2872 796 2931 istam
820 2870 1217 2930 verecundiam
1246 2884 1396 2946 pone
1429 2874 1601 2943 teque
1632 2863 1766 2941 quid
1795 2862 1939 2924 velis
1971 2880 2103 2923 con·
2122 2872 2154 2922 5

114 2952 269 3015 sule.
332 2950 422 3011 Illi
471 2961 579 3012 tam
624 2954 921 3014 iucundum
966 2953 1118 3031 quod
1166 2969 1281 3028 ego
1327 2966 1490 3027 quam
1541 2945 1672 3006 mihi
1719 2947 1871 3024 quod
1915 2957 1974 3005 tu
2019 2948 2141 3006 iu·›

113 3038 241 3099 bes.
307 3035 469 3096 Vale.

1133 3169 1205 3229 Π.

681 3269 737 3324 C.
772 3170 1289 3320 PLINIUSXCYILERI
1327 3265 1443 3317 SUO
1482 3264 1534 3319 S.

241 3370 359 3431 Sua
391 3369 598 3450 cuique
626 3371 769 3433 ratio
797 3371 1099 3440 recitandi;
1132 3370 1289 3446 mihi,
1321 3368 1473 3447 quod
1507 3385 1683 3446 saepe
1712 3369 1821 3428 iam
1847 3367 1981 3445 dixi,
2017 3377 2098 3444 ut,
2121 3382 2150 3427 1

111 3456 164 3516 si
196 3453 339 3534 quid
364 3473 457 3516 me
481 3456 662 3535 fugit,
709 3466 771 3517 ut
797 3465 955 3517 certe
987 3456 1155 3535 fugit,
1184 3454 1502 3517 admonear.
1563 3451 1692 3527 Quo
1724 3454 1902 3532 magis
1933 3453 2154 3512 miror2

22 3213 95 3266 35
