2467 3850
308 168 429 233 108
1147 164 1210 225 C.
1259 162 1452 224 PLlNl

302 322 408 382 ista
436 319 507 380 ad
542 329 815 380 mortuum
843 318 1172 398 pertinent,
1205 315 1307 377 sed
1337 316 1756 395 pertinuerunt,
1798 332 1924 374 cum
1951 322 2292 391 moreretur,

304 407 587 484 pertinent
627 403 696 462 ad
725 403 831 463 hos
862 404 956 481 qui
988 411 1308 480 supersunt.
1356 398 1472 458 Iam
1498 398 1649 478 quod
1679 401 1735 457 in
1776 399 1916 458 flore
1959 401 2137 476 primo
2173 408 2294 459 tan-

302 499 395 549 tae
427 487 629 547 indolis
663 488 879 547 iuvenis
911 487 1194 546 extinctus
1227 494 1351 560 est,
1395 501 1606 544 summa
1639 492 2069 559 consecuturus,
2102 484 2151 542 si
2179 484 2293 541 vir-

252 575 455 633 5tutes
492 574 615 631 eius
644 572 1058 630 maturuissent.
1119 568 1246 642 Quo
1287 568 1387 627 ille
1422 566 1730 627 studiorum
1770 585 1960 626 amore
1994 564 2295 643 flagrabat!

308 666 571 736 quantum
596 654 772 732 legit,
815 662 1079 732 quantum
1108 656 1274 713 etiam
1305 650 1564 729 scripsit!
1606 668 1749 730 quae
1773 670 1920 711 nunc
1952 653 2132 711 omnia
2167 669 2294 710 cum
2312 657 2348 709 5

252 740 431 819 fiipso
472 742 597 800 sine
635 739 823 798 fructu
866 739 1212 816 posteritatis
1242 737 1515 796 abierunt.
1576 734 1695 794 Sed
1717 734 1848 813 quid
1879 752 1990 812 ego
2020 733 2294 811 indulgeo

306 820 528 883 dolori?
576 824 665 882 cui
694 824 742 882 si
782 821 974 881 frenos
1013 823 1296 896 remittas,
1337 817 1490 878 nulla
1518 820 1747 878 materia
1776 836 1886 878 non
1917 820 2152 878 maxima
2183 828 2294 878 est.

305 907 499 967 Finem
531 904 809 985 epistulae
836 904 1068 980 faciam,
1112 914 1173 964 ut
1199 904 1393 964 facere
1426 905 1642 979 possim
1673 904 1838 964 etiam
1873 900 2114 963 lacrimis
2153 919 2296 981 quas

305 990 547 1070 epistula
569 990 878 1069 expressit.
944 987 1107 1048 Vale.

733 1350 807 1436 o.
861 1288 1089 1431 ‘PLlNl
1148 1347 1467 1431 cAEciu
1527 1345 1875 1428 εΕουΝυι

540 1512 2060 1634 EPISTULARUM
2276 1508 2379 1694 “¹⁵

1030 1709 1224 1765 LIBER
1269 1705 1553 1763 SEXTUS.

1269 1869 1315 1931 1.

882 1972 936 2024 o.
974 1962 1224 2023 Pumus'
1261 1969 1475 2021 ‘ruzom
1509 1968 1626 2020 suo
1661 1969 1712 2018 S.

261 2089 288 2138 1
436 2075 611 2148 Quam
637 2074 730 2134 diu
757 2091 868 2151 ego
899 2084 1049 2134 trans
1073 2072 1298 2149 Padum,
1323 2082 1382 2133 tu
1409 2074 1466 2132 in
1487 2071 1719 2148 Piceno,
1742 2072 1922 2130 minus
1951 2080 2010 2131 te
2036 2073 2294 2148 require·

309 2160 466 2219 bam:
494 2168 793 2237 postquam
825 2174 937 2233 ego
970 2159 1026 2215 in
1056 2156 1218 2233 urbe,
1250 2165 1310 2215 tu
1340 2154 1522 2216 adhuc
1543 2157 1598 2215 in
1620 2155 1852 2232 Piceno,
1874 2153 2049 2214 multo
2078 2157 2294 2232 magis;

310 2260 413 2302 seu
444 2241 594 2319 quod
623 2243 747 2318 ipsa
786 2240 915 2299 loca
950 2242 1008 2298 in
1047 2240 1249 2319 quibus
1292 2257 1425 2300 esse
1455 2257 1560 2299 una
1593 2238 1841 2299 solemus
1874 2240 2058 2299 acrius
2088 2257 2181 2298 me
2213 2240 2294 2299 tui

312 2331 697 2400 commonent,
738 2341 840 2383 seu
880 2323 1030 2401 quod
1071 2322 1408 2384 desiderium
1446 2324 1759 2384 absentium
1790 2321 1923 2381 nihil
1953 2321 2189 2401 perinde
2220 2339 2375 2392 ac25

206 2410 220 2423 ‘
309 2408 786 2484 vicinitasacuit,
835 2424 1059 2486 quoque
1103 2409 1335 2486 propius
1375 2409 1693 2467 accesseris
1735 2405 1804 2465 ad
1843 2423 2004 2484 spem
2045 2405 2291 2482 fruendi,

262 2490 422 2549 2hoc
461 2492 833 2569 impatientius
883 2486 1094 2551 careas.
1166 2489 1446 2570 Quidquid
1487 2493 1540 2549 in
1583 2508 1784 2566 causa,
1827 2493 1987 2569 eripe
2028 2508 2118 2550 me
2159 2488 2294 2549 huic

308 2584 616 2634 tormento:
646 2576 797 2652 veni,
824 2584 916 2634 aut
947 2593 1057 2651 ego
1091 2574 1227 2634 illuc
1251 2575 1396 2635 unde
1429 2574 1745 2636 inconsulte
1774 2575 2073 2652 properavi
2097 2591 2293 2633 rever·

308 2667 411 2736 tar,
440 2657 534 2718 vel
564 2659 638 2718 ob
666 2657 777 2718 boc
806 2658 988 2719 solum
1020 2669 1078 2719 ut
1100 2662 1360 2738 experiar
1386 2677 1454 2717 an
1481 2658 1634 2735 mihi,
1672 2676 1796 2718 cum
1819 2660 1940 2718 sine
1963 2675 2052 2717 me
2076 2655 2294 2717 Romae

310 2746 571 2822 coeperis
607 2762 761 2820 esse,
793 2742 1006 2803 similes
1034 2743 1121 2804 his
1151 2741 1424 2822 epistulas
1458 2745 1662 2802 mittas.
1725 2741 1888 2802 Vale.
2309 2762 2378 2816 30

1261 2876 1335 2937 11.

841 2976 896 3031 c,
935 2976 1183 3028 PLINIUS
1216 2975 1506 3027 ARRIANo
1541 2973 1658 3026 SUO
1697 2973 1750 3028 S.

256 3081 285 3133 1
428 3076 602 3137 Soleo
632 3097 742 3139 non
771 3099 1065 3159 numquam
1092 3082 1148 3139 in
1176 3080 1394 3141 iudiciis
1420 3098 1696 3158 quaerere
1718 3077 1795 3138 Μ.
1817 3076 2122 3156 Regulum,
2153 3076 2296 3136 nolo

253 3169 288 3220 2
309 3161 452 3219 enim
482 3160 706 3239 dicere,
751 3164 1092 3225 desiderare.
1162 3161 1278 3223 Gur
1312 3182 1451 3241 ergo
1482 3160 1735 3242 quaero?
1798 3162 2052 3222 Habebat
2089 3161 2294 3221 studiis
2309 3173 2377 3228 35

304 3243 610 3322 honorem,
653 3247 915 3325 timebat,
958 3247 1236 3325 pallebat,
1280 3248 1597 3325 scribebat,
1640 3249 1889 3324 quamvis
1936 3263 2048 3305 non
2086 3254 2297 3323 posset

307 3327 583 3388 ediscere.
651 3327 796 3387 Illud
840 3333 1056 3408 ipsum,
1100 3331 1251 3408 quod
1279 3330 1502 3390 oculum
1530 3329 1696 3390 modo
1729 3330 1984 3390 dextrum
2011 3327 2181 3388 modo
2218 3331 2296 3388 si-

305 3412 534 3471 nistrum
562 3412 1017 3491 circumlinebat,
1063 3413 1354 3491 dextrum,
1399 3415 1446 3473 si
1484 3432 1516 3473 a
1544 3415 1823 3492 petitore,
1868 3413 2140 3493 alterum,
2173 3415 2224 3473 si
2264 3429 2298 3473 a

2309 1925 2376 1978 20
