2467 3850
386 182 907 246 EPISTULARUM
931 191 1209 247 62.--67.
1240 186 1868 261 [70.--72.13.--15.]
1991 185 2112 251 221

900 335 1064 396 va.
1111 333 1348 413 [mixi]
1385 377 1396 383 -

572 434 626 488 C.
664 434 912 485 PLINIUS
943 434 1232 486 TRAIANO
1263 434 1671 485 IMPERATORI.

254 535 477 615 Magna,
513 537 754 615 domine,
790 549 846 598 et
877 537 947 598 ad
967 547 1136 598 totam
1164 539 1507 618 provinciam
1533 539 1822 617 pertinens
1858 543 2112 619 quaestio
2134 558 2163 608 ι

136 629 227 681 est
257 621 327 681 de
362 621 680 682 conditione
713 632 770 683 et
812 622 1085 682 alimentis
1128 640 1323 682 eorum
1356 640 1498 701 quos
1526 633 1730 684 vocant
1756 618 2111 699 θρεπτούς.

90 702 200 765 51η
241 723 349 783 qua
384 722 494 783 ego
526 706 724 767 auditis
756 707 1245 766 constitutionibus
1274 708 1607 784 principum,
1643 708 1769 784 quia
1796 707 1930 767 nihil
1959 710 2162 774 inve-2

134 788 358 849 niebam
389 800 482 850 aut
513 793 800 869 proprium
838 801 931 850 aut
972 790 1292 850 universale
1322 790 1473 867 quod
1515 788 1584 849 ad
1624 790 1896 865 Bithynos
1935 791 2112 852 ferre·

133 882 246 948 tur,
281 873 686 933 consulendum
715 884 772 934 te
814 876 1126 935 existimavi
1165 874 1300 951 quid
1330 874 1620 934 observari
1643 873 1845 936 velles.
1910 875 2112 954 Neque

134 957 284 1016 enim
309 960 499 1035 putavi
541 976 715 1035 posse
747 977 837 1019 me
870 961 927 1018 in
959 976 1032 1018 eo
1062 957 1213 1035 quod
1253 959 1637 1018 auctoritatem
1670 968 1814 1017 tuam
1844 970 2113 1038 posceret

135 1040 403 1119 exemplo
433 1059 565 1102 esse
599 1052 940 1102 contentum.
981 1041 1345 1102 Recitabatur
1366 1051 1551 1100 autem
1582 1040 1728 1118 apud
1756 1059 1843 1101 me
1873 1043 2111 1103 edictum
2129 1055 2164 1107 3

54 1137 120 1189 10
138 1123 289 1202 quod
320 1123 609 1203 dicebatur
634 1125 749 1185 divi
775 1126 1052 1204 Augusti,
1098 1126 1168 1186 ad
1206 1126 1441 1185 Anniam
1480 1127 1797 1204 pertinens:
1845 1127 2112 1187 recitatae

136 1217 195 1267 et
222 1207 499 1286 epistulae
532 1208 642 1268 divi
669 1209 1000 1288 Vespasiani
1028 1209 1097 1269 ad
1137 1208 1611 1269 Lacedaemonios
1653 1218 1710 1267 et
1757 1209 1866 1269 divi
1900 1209 2006 1270 Titi
2047 1211 2115 1270 ad

137 1291 372 1351 eosdem
412 1300 471 1354 et
501 1292 569 1352 ad
597 1293 894 1372 Achaeos,
933 1303 989 1353 et
1017 1293 1315 1353 Domitiani
1345 1293 1415 1351 ad
1442 1292 1699 1353 Avidium
1736 1292 2022 1370 Nigrinum
2059 1305 2116 1354 et

76 1388 91 1393 “
135 1374 456 1436 Armenium
496 1375 812 1436 Brocchum
871 1376 1280 1455 proconsules,
1330 1379 1463 1436 item
1504 1376 1572 1436 ad
1612 1376 2113 1438 Lacedaemonios:

136 1478 281 1538 quae
309 1459 439 1520 ideo
480 1461 581 1519 tibi
618 1479 730 1520 non
768 1462 925 1537 misi,
971 1463 1098 1539 quia
1126 1471 1184 1521 et
1216 1479 1410 1539 parum
1440 1460 1727 1519 emendata
1759 1471 1814 1520 et
1846 1462 2114 1540 quaedam

6 1554 9 1561 ⁴
54 1548 119 1601 15
136 1562 249 1603 non
293 1553 482 1603 certae
522 1544 651 1604 fidei
691 1545 1022 1604 videbantur
1065 1554 1123 1603 et
1165 1546 1293 1622 quia
1318 1561 1454 1603 vera
1488 1553 1545 1603 et
1577 1544 1865 1604 emendata
1897 1548 1950 1605 in
1980 1549 2115 1606 scri-

14 1640 22 1650 “
134 1630 240 1687 niis
269 1630 378 1687 tuis
414 1647 546 1688 esse
577 1628 898 1688 credebam.
1729 1656 1736 1661 -

877 1777 1068 1839 val.
1107 1775 1370 1854 [Lxan

799 1877 1126 1931 TRAIANUS
1152 1877 1360 1929 PLINIO
1391 1876 1444 1930 S.

49 1996 118 2047 20
254 1980 526 2054 Quaestio
556 1983 660 2044 hsta
690 2002 832 2063 quae
865 1987 1113 2064 pertinet
1143 1983 1212 2044 ad
1255 2001 1358 2044 eos
1391 1985 1483 2061 qui
1517 1981 1681 2042 liberi
1710 1985 1820 2043 nati
1847 1973 2114 2062 expositi,
2134 1994 2162 2043 l

132 2065 337 2126 deinde
367 2066 571 2126 sublati
601 2086 632 2126 a
671 2069 1000 2145 quibusdam
1040 2078 1098 2129 et
1130 2070 1186 2127 in
1218 2069 1489 2128 servitute
1532 2067 1752 2127 educati
1784 2075 1908 2127 sunt
1940 2084 2114 2145 saepe

130 2158 366 2209 tractata
408 2159 531 2227 est,
572 2168 682 2210 nec
723 2154 1019 2233 quicquam
1059 2154 1336 2212 invenitur
1376 2153 1431 2211 in
1475 2152 1883 2212 commentariis
1920 2169 2115 2211 eorum

132 2236 446 2312 principum
487 2237 581 2313 qui
610 2245 738 2295 ante
765 2254 855 2295 me
887 2238 1145 2313 fuerunt,
1192 2235 1343 2314 quod
1371 2236 1441 2295 ad
1471 2253 1666 2295 omnes
1695 2238 2014 2313 provincias
2045 2237 2115 2295 sit

133 2320 512 2378 constitutum.
556 2318 850 2396 Epistulae
885 2339 1020 2381 sane
1055 2329 1183 2382 sunt
1215 2318 1513 2381 Domitiani
1543 2319 1613 2378 ad
1639 2320 1901 2379 Avidium
1931 2318 2113 2397 Nigri-
2134 2327 2174 2376 2

42 2419 112 2471 25
129 2420 261 2461 num
304 2412 360 2461 et
397 2402 720 2462 Armenium
767 2404 1116 2482 Brocchum,
1163 2423 1307 2482 quae
1347 2405 1590 2464 fortasse
1631 2403 1876 2463 debeant
1917 2404 2115 2464 obser-

128 2489 278 2544 vari:
324 2486 427 2546 sed
466 2489 612 2547 inter
655 2506 751 2547 eas
794 2491 1112 2567 provincias
1158 2489 1228 2548 de
1271 2489 1470 2566 quibus
1503 2490 1799 2565 rescripsit
1838 2531 1851 2544 .
1882 2534 1893 2544 .
1925 2530 1939 2545 .
1972 2490 2118 2547 inter

131 2588 271 2647 quas
314 2579 402 2630 est
442 2569 726 2644 Bithynia;
785 2582 842 2631 et
880 2572 1010 2632 ideo
1052 2592 1161 2633 nec
1202 2572 1578 2632 adsertionem
1620 2570 2002 2648 denegandam
2046 2573 2115 2629 iis

129 2656 228 2731 qui
263 2672 336 2713 ex
365 2654 637 2712 eiusmodi
668 2672 836 2713 causa
874 2658 928 2714 in
963 2656 1279 2715 libertatem
1308 2656 1733 2715 vindicabuntur
1761 2663 1897 2731 puto
1928 2669 2114 2731 neque

130 2740 310 2817 ipsam
341 2737 657 2796 libertatem
687 2738 1061 2797 redimendam
1091 2741 1274 2819 pretio
1303 2737 1703 2797 alimentorum.

42 2832 113 2884 ³⁰
224 2885 231 2890 ’
927 2888 1360 2974 va11.[x„v.]p
1443 2951 1450 2954 „

572 2989 628 3042 C.
662 2988 908 3039 PLINIUS
946 2989 1233 3039 TRAIANO
1266 2987 1677 3038 IMPERATORI.

256 3109 470 3186 Legato
492 3109 850 3170 Sauromatae
881 3110 1059 3185 regis,
1095 3126 1219 3167 cum
1251 3126 1350 3169 sua
1379 3118 1582 3187 sponte
1611 3107 1880 3184 Nicaeae,
1914 3107 2006 3166 ubi
2031 3124 2118 3168 me
2138 3120 2168 3171 1

6 3263 8 3274 ,
130 3198 455 3269 invenerat,
509 3193 678 3253 biduo
732 3193 1112 3269 substitisset,
1168 3191 1483 3269 longiorem
1535 3208 1744 3251 moram
1786 3191 2113 3268 faciendam,

44 3291 114 3343 35
133 3279 380 3354 domine,
409 3294 522 3337 non
546 3278 764 3356 putavi;
795 3279 1051 3356 primum,
1083 3278 1233 3357 quod
1253 3280 1526 3340 incertum
1549 3276 1729 3336 adhuc
1753 3286 1873 3336 erat
1896 3276 2114 3354 quando

131 3362 373 3422 libertus
403 3371 532 3421 tuus
561 3361 864 3437 Lycormas
893 3371 1162 3423 venturus
1192 3372 1372 3438 esset,
1408 3360 1631 3436 deinde,
1657 3359 1810 3438 quod
1831 3362 1955 3438 ipse
1987 3377 2114 3438 pro·

133 3444 434 3507 ficiscebar
462 3447 517 3505 in
549 3445 1177 3526 diversam-provinciae
1207 3456 1444 3529 partem,
1474 3448 1547 3506 ita
1571 3446 2114 3534 ofliciinnecessitate
