2467 3850
289 158 372 221 68
783 121 796 129 ’
1130 155 1195 216 o.
1244 152 1436 215 PL1N1

291 317 424 385 eget
452 308 585 385 quid
616 326 877 369 sermone
900 310 1081 386 patrio
1116 310 1431 386 exprimere
1473 306 1694 385 possiS,
1733 323 1858 366 cum
1896 306 2007 365 hoc
2034 299 2280 365 insiticio

290 404 347 453 et
374 392 604 453 inducto
642 403 751 453 tam
788 390 1077 469 praeclara
1108 409 1286 470 opera
1319 389 1654 467 perfeceris.
1713 386 1873 449 Vale.

1216 521 1344 583 1111.

698 625 752 675 c,
786 623 1033 674 PLanJs
1068 622 1246 678 sosio
1280 620 1605 672 SENEclom
1642 618 1761 671 sno
1804 619 1854 673 S.

248 737 277 787 1
414 723 747 786 Varisidium
779 723 1062 802 Nepotem
1088 722 1435 783 validissime
1468 719 1676 796 diligo,
1708 721 1885 778 virum
1919 719 2277 798 industrium,

287 819 525 884 rectum,
562 808 851 885 disertum,
886 808 1038 887 quod
1065 806 1213 884 apud
1240 824 1332 864 me
1360 803 1455 864 vel
1490 805 1943 882 potentissimum
1966 814 2076 864 est.
2118 803 2281 864 Idem

292 891 357 952 G.
397 891 720 969 Calvisium,
751 890 1212 952 contubernalem
1241 906 1460 965 meum,
1493 888 1729 947 amicum
1762 896 1949 963 tuum,
1992 898 2112 947 arta
2141 906 2279 966 pro·

237 987 272 1039 2
290 979 597 1056 pinquitate
629 975 1033 1055 conplectitur:
1066 984 1156 1035 est
1184 976 1331 1034 enim
1361 971 1509 1032 filius
1538 974 1770 1031 sororis.
1816 970 1977 1030 Hunc
2006 989 2153 1049 rogo
2184 992 2280 1033 se·

289 1063 481 1121 mestri
524 1060 802 1120 tribunatu
832 1058 1273 1137 splendidiorem
1307 1066 1366 1118 et
1404 1057 1510 1117 sibi
1542 1064 1601 1114 et
1628 1054 1906 1114 avunculo
1942 1073 2046 1116 suo
2078 1056 2276 1121 facias,
2304 1071 2374 1122 10

288 1143 580 1222 Obligabis
610 1163 734 1221 me,
781 1142 1061 1220 obligabis
1092 1142 1398 1202 Calvisium
1431 1150 1717 1215 nostrum,
1753 1138 2030 1215 obligabis
2061 1141 2276 1218 ipsum,

238 1235 399 1289 anon
430 1231 610 1288 minus
641 1227 901 1287 idoneum
932 1226 1248 1287 debitorem
1279 1243 1444 1304 quam
1470 1242 1575 1284 nos
1605 1232 1787 1303 putas.
1854 1221 2029 1282 Multa
2060 1224 2279 1283 benefi-

286 1314 371 1371 cia
399 1314 457 1372 in
483 1312 687 1372 multos
734 1311 1052 1371 contulisti:
1096 1313 1273 1370 ausim
1315 1308 1660 1369 contendere
1707 1306 1918 1365 nullum
1958 1316 2014 1367 te
2045 1307 2276 1386 melius,

283 1414 467 1473 aeque
500 1396 647 1456 bene
677 1414 844 1455 unum
877 1405 970 1455 aut
1004 1394 1240 1454 alterum
1273 1392 1625 1454 conlocasse.
1688 1388 1847 1451 Vale.

1242 1529 1313 1588 V.
1630 1551 1631 1558 ¹

852 1629 906 1680 C.
944 1628 1191 1680 PLINIUS
1226 1626 1472 1678 SPARSO
1504 1626 1620 1677 SUO
1652 1625 1704 1677 S.

241 1738 268 1787 1
410 1733 736 1795 Aeschinen
757 1735 907 1793 aiunt
921 1732 1246 1812 petentibus
1259 1730 1498 1793 Rhodiis
1521 1731 1736 1809 legisse
1764 1732 2069 1792 orationem
2091 1745 2274 1805 suam,

237 1816 486 1877 2deinde
513 1817 938 1895 Demosthenis,
970 1819 1197 1878 summis
1220 1826 1510 1895 utramque
1540 1815 1891 1876 clamoribus.
1955 1813 2124 1887 Quod
2154 1822 2275 1872 tan-

285 1910 466 1963 torum
489 1905 748 1983 *virorum
790 1904 1014 1981 scriptis
1050 1903 1360 1979 contigisse
1400 1918 1513 1962 non
1542 1902 1745 1977 miror,
1791 1918 1918 1960 cum
1957 1901 2273 1959 orationem
2292 1908 2368 1962 20

280 2004 461 2047 meam
493 1990 749 2065 proxime
788 1987 1099 2047 doctissimi
1139 1986 1396 2044 homines
1439 1985 1549 2045 hoc
1583 1985 1805 2061 studio,
1856 1983 1965 2044 hoc
1999 1983 2270 2059 adsensu,

278 2071 393 2131 hoc
430 2072 594 2131 etiam
627 2070 823 2130 labore
854 2088 960 2148 per
994 2070 1220 2129 biduum
1257 2068 1558 2146 audierint,
1604 2069 1854 2147 quamvis
1901 2069 2274 2127 intentionem

287 2172 482 2215 eorum
510 2153 661 2214 nulla
688 2154 816 2213 hinc
844 2164 903 2213 et
936 2152 1065 2212 inde
1101 2149 1365 2228 collatio,
1410 2151 1620 2211 nullum
1666 2154 1823 2230 quasi
1860 2161 2143 2212 certamen
2176 2167 2274 2208 ac·-

2296 659 2330 709 ὃ

235 2236 576 2297 3cenderet.
664 2236 804 2295 Nam
858 2235 1065 2295 Rhodii
1105 2251 1229 2295 cum
1278 2236 1418 2313 ipsis
1460 2238 1770 2296 orationum
1813 2236 2111 2296 virtutibus
2156 2243 2275 2293 tum
2384 2232 2393 2239 ’

280 2321 446 2379 etiam
490 2321 918 2398 comparationis
964 2318 1178 2378 aculeis
1223 2319 1644 2398 excitabantur,
1687 2329 1878 2380 nostra
1923 2321 2101 2380 oratio
2146 2320 2270 2379 sine
2290 2331 2363 2384 25

279 2403 663 2462 aemulationis
693 2405 869 2479 gratia
899 2402 1257 2480 probabatur.
1300 2401 1389 2461 An
1421 2407 1643 2481 merito,
1680 2407 1857 2482 scies,
1891 2420 2016 2464 cum
2050 2402 2269 2479 legeris

280 2485 500 2562 librum,
538 2486 1031 2566 cuiustamplitudo
1065 2504 1177 2546 non
1207 2487 1340 2545 sinit
1368 2505 1459 2547 me
1490 2487 1748 2565 longiore
1774 2486 2015 2567 epistula
2046 2485 2267 2566 praelo·

233 2571 394 2648 4qui.
465 2569 706 2648 Oportet
745 2572 891 2631 enim
921 2589 1026 2632 nos
1074 2573 1131 2631 in
1167 2568 1275 2629 bac
1315 2579 1471 2631 certe
1503 2574 1559 2631 in
1591 2590 1697 2650 qua
1729 2588 2029 2651 possumus
2059 2570 2268 2630 breves

279 2671 445 2729 esse,
480 2673 593 2733 quo
625 2656 695 2714 sit
724 2657 1044 2716 excusatius
1089 2652 1240 2735 quod
1273 2652 1476 2714 librum
1505 2658 1721 2736 ipsum,
1762 2675 1874 2717 non
1889 2650 2091 2716 “tamen
2121 2654 2268 2714 ultra

279 2752 482 2798 causae
511 2738 931 2819 amplitudinem
960 2739 1332 2802 extendimus.
1395 2738 1555 2802 Vale.
2285 2743 2362 2799 30

1200 2873 1296 2934 vl.

758 2972 814 3022 G.
849 2972 1094 3024 PLINIUS
1125 2972 1298 3025 IULIO
1336 2971 1574 3023 NASONI
1608 2971 1727 3024 SUO
1759 2971 1812 3022 S.

224 3080 254 3130 1
399 3067 570 3129 Tusci
610 3069 878 3146 grandine
922 3075 1188 3150 excussi,
1232 3076 1289 3132 in
1329 3074 1567 3149 regione
1617 3071 2006 3150 Transpadana
2052 3090 2263 3132 summa

2464 217 2467 284 l

2458 481 2465 680 l

2460 755 2465 1018 l

2297 1496 2366 1547 15

274 3150 602 3212 abundantia
642 3152 746 3213 sed
788 3171 889 3232 par
923 3155 1108 3217 vilitas
1148 3158 1458 3221 nuntiatur:
1493 3156 1677 3226 solum
1714 3156 1846 3216 mihi
1873 3155 2267 3217 Laurentinum
2282 3168 2354 3223 35
2464 3196 2465 3215 2

222 3244 256 3296 2
275 3253 457 3295 meum
487 3239 543 3295 in
583 3237 786 3313 reditu.
847 3238 1001 3298 Nihil
1034 3238 1260 3318 quidem
1288 3241 1366 3299 ibi
1409 3240 1682 3318 possideo
1710 3249 1939 3319 praeter
1965 3249 2182 3300 tectum
2209 3250 2268 3302 et

273 3319 493 3380 hortum
519 3322 813 3399 statimque
835 3321 1092 3400 harenas,
1117 3322 1300 3382 solum
1324 3333 1507 3383 tamen
1529 3324 1661 3383 mihi
1683 3326 1738 3383 in
1759 3323 1960 3387 reditu.
2005 3323 2093 3383 Ibi
2115 3328 2265 3384 enim

275 3403 569 3482 plurimum
599 3403 793 3468 scribo
826 3423 934 3465 nec
965 3423 1160 3484 agrum
1179 3453 1196 3485 ,
1229 3425 1395 3485 quem
1424 3425 1536 3466 non
1568 3407 1785 3486 babeo,
1823 3407 1928 3469 sed
1955 3410 2141 3487 ipsum
2173 3427 2263 3471 me
