2467 3850
34 3679 37 3822 l

920 264 1387 316 PRAEFATIO.
2175 277 2213 315 v

102 423 200 478 dice
220 425 426 486 amisso,
459 421 740 492 praesertim
776 435 885 475 cum
914 421 959 475 in
983 421 1229 490 scripturis
1251 421 1471 476 codicum
1494 421 1750 477 referendis
1771 421 2025 476 admodum
2047 423 2212 493 negle-

104 514 294 578 gentem
317 521 424 560 osse
447 506 663 561 Cortium
688 506 1047 569 intellexissem,
1067 507 1395 575 -praecipuam
1432 504 1573 559 huius
1603 505 1764 575 stirpis
1791 506 2069 561 memoriam
2089 505 2210 562 Mar-

103 593 233 645 tiano
248 633 262 655 ,
292 605 439 660 quem
459 588 786 644 Florentinum
808 588 933 652 dico,
959 590 1192 643 contineri
1213 589 1362 643 volui.
1407 605 1518 643 nam
1545 590 1626 660 qui
1649 596 1891 659 praeterea
1912 595 2075 644 extant
2095 605 2209 644 cen-

52 678 61 689 ·
103 684 199 728 tum
221 675 535 745 epistularum
560 673 749 728 codices
762 716 774 736 ,
820 673 851 726 ii
873 688 1043 726 omnes
1064 674 1129 726 ita
1150 673 1409 743 comparati
1431 679 1543 727 sunt
1564 679 1619 727 ut
1637 673 1755 728 alios
1781 689 1901 744 quos
1919 674 2023 744 ipse
2044 673 2141 728 vidi
2162 681 2212 727 et

28 774 29 787 ¹
101 757 362 812 examinavi
383 773 445 811 ex
462 756 734 811 Florentino
757 757 927 811 ductos
948 771 1053 810 aese
1092 756 1339 810 adfirmare
1359 757 1562 826 possim,
1612 756 1690 811 alii
1714 772 1917 827 quorum
1950 758 2211 827 scripturae

99 841 155 896 ab
168 840 433 896 editoribus
453 839 690 894 exhibitae
710 847 820 894 sunt
839 841 1020 894 nullum
1041 846 1227 910 praeter
1245 839 1373 894 hunc
1386 841 1539 909 ipsum
1567 855 1706 895 usum
1726 841 1946 895 habeant.
1987 847 2099 895 sunt
2126 856 2209 896 au·

101 933 193 979 tem
215 941 338 996 quos
358 925 460 993 ipse
473 924 569 978 vidi
592 923 655 986 hi,
680 923 931 977 Beruensis
942 923 1194 994 Bongarsii
1218 928 1319 980 136
1333 924 1509 978 memb.
1539 926 1713 979 4saec.
1737 924 1841 987 XII,
1857 923 2052 979 Parisini
2066 923 2210 997 Regii

103 1010 238 1064 8558
265 1010 448 1062 memb.
472 1008 558 1061 sol.
583 1021 709 1061 saec.
737 1006 855 1070 XIV,
879 1008 1021 1062 8560
1043 1007 1193 1061 chart.
1221 1007 1306 1062 fol.
1330 1023 1459 1062 saec.
1484 1006 1584 1073 XV,
1616 1008 1751 1065 8607
1781 1007 1931 1062 chart.
1965 1009 2048 1063 fol.
2079 1024 2207 1063 saec.

103 1091 195 1155 XV,
232 1091 445 1145 Vaticani
472 1090 604 1148 1777
626 1092 709 1146 fol.
734 1106 859 1147 saec.
882 1091 967 1144 XV
988 1098 1036 1144 et
1060 1093 1195 1148 1778
1215 1092 1393 1146 memb.
1417 1097 1453 1146 4
1472 1107 1598 1146 saec.
1625 1091 1744 1156 XIV,
1778 1091 2078 1146 Laurentiani
2104 1093 2209 1162 plu-

28 1178 29 1187 ’
104 1176 166 1230 tei
187 1175 373 1238 XLVll,
403 1178 471 1232 37
492 1175 671 1228 memb.
685 1178 720 1230 4
742 1190 868 1229 saec.
893 1175 977 1229 XV
999 1181 1047 1228 et
1066 1178 1137 1231 34
1157 1175 1335 1229 memb.
1359 1179 1394 1232 4
1413 1191 1523 1230 saec
1544 1174 1644 1230 XV.
1672 1191 1700 1230 e
1720 1176 1891 1246 quibus
1911 1177 1952 1230 is
1973 1191 2115 1247 quem
2135 1177 2209 1231 ul-

102 1260 219 1314 timo
253 1259 364 1313 loco
385 1259 523 1327 posui
546 1258 751 1328 reliquos
771 1259 948 1324 libroS,
974 1266 1143 1312 octavo
1171 1266 1329 1313 tamen
1353 1260 1544 1325 omisso,
1570 1259 1658 1313 alia
1677 1275 1821 1315 manu
1843 1259 2027 1315 additos
2046 1260 2207 1314 habet.

226 1342 384 1413 Atque
406 1341 524 1395 haec
544 1342 604 1395 de
625 1349 817 1396 centum
839 1342 1147 1411 epistularum
1170 1344 1445 1412 exemplari.
1513 1344 1641 1414 quod
1680 1344 1829 1415 longo
1850 1345 2079 1414 temporis
2099 1359 2207 1413 spa-

98 1426 166 1481 tio
187 1427 472 1494 interposito
494 1433 605 1479 octo
617 1426 844 1480 librorum
866 1427 1137 1496 exemplum
1149 1427 1352 1496 excepit,
1377 1428 1513 1481 cuius
1532 1427 1660 1481 nulla
1681 1435 1813 1481 extat
1823 1428 2049 1482 memoria
2072 1442 2208 1498 prae·

97 1518 169 1564 ter
192 1509 389 1564 codices
408 1509 599 1563 saeculo
628 1510 792 1580 quinto
814 1511 1000 1565 decimo
1021 1510 1071 1563 in
1097 1511 1231 1565 ltalia
1253 1511 1473 1581 scriptos.
1516 1520 1564 1565 et
1596 1525 1657 1565 ex
1687 1510 1763 1565 his
1781 1513 1973 1582 quidem
1994 1512 2208 1565 omnium

98 1594 157 1648 de
177 1608 384 1664 quorum
407 1601 562 1647 aetate
583 1600 714 1648 certo
743 1601 931 1648 constat
951 1595 1305 1664 antiquissimus
1325 1603 1398 1648 ωε
1421 1594 1575 1649 codex
1598 1593 1806 1649 Archivii
1827 1595 2083 1650 Cassinatis
2103 1596 2207 1651 332

98 1677 491 1731 membranaceus
520 1677 623 1743 fol.,
657 1692 779 1731 anno
804 1680 940 1734 1428
974 1678 1033 1732 ab
1068 1678 1274 1733 Antonio
1296 1678 1429 1733 Marii
1449 1678 1545 1732 filio
1568 1677 1834 1732 Florentiae
1853 1679 2073 1749 scriptus.
2111 1693 2207 1749 quo

97 1761 150 1814 fit
171 1769 227 1815 ut
250 1761 416 1830 primis
437 1760 613 1814 saeculi
635 1762 784 1831 quinti
806 1762 976 1815 decimi
1004 1762 1137 1815 annis
1156 1761 1329 1816 horum
1361 1761 1590 1816 librorum
1611 1761 1902 1832 archetypon
1924 1763 2138 1816 videatur
2157 1763 2205 1817 in

96 1845 283 1899 ltaliam
303 1845 512 1898 adlatum
540 1859 670 1898 esse:
695 1860 814 1916 quae
838 1845 1008 1916 quibus
1029 1846 1274 1899 codicibus
1292 1861 1377 1915 per
1397 1846 1649 1898 maximam
1669 1844 1809 1898 huius
1835 1845 2011 1898 saeculi
2022 1854 2205 1914 partem

95 1944 180 1984 usa
204 1937 304 1993 est,
359 1930 391 1983 ii
425 1936 507 1983 aut
529 1945 591 1982 ex
622 1930 703 1984 illo
727 1936 836 1984 octo
857 1930 1084 1985 librorum
1105 1937 1187 1983 aut
1209 1945 1271 1983 ex
1290 1930 1560 1983 Florentino
1582 1936 1772 1983 centum
1796 1929 2101 1998 epistularum
2124 1945 2206 1984 co·

97 2013 205 2068 dice
231 2013 366 2068 ducti
387 2020 515 2067 sunt.
555 2013 640 2066 sed
659 2013 828 2067 novicii
852 2021 962 2068 octo
981 2012 1209 2068 librorum
1232 2013 1423 2068 codices
1443 2020 1607 2068 extant
1627 2013 1877 2083 permulti,
1916 2027 2081 2067 omnes
2102 2013 2205 2083 qui-

96 2097 221 2164 dem,
250 2099 353 2151 sive
377 2097 535 2167 ipsum
561 2096 848 2168 archetypon
867 2098 1004 2152 valde
1025 2103 1304 2167 corruptum
1323 2097 1415 2151 fuit
1446 2098 1543 2150 sive
1563 2097 1884 2169 nelgegenter
1907 2095 1965 2149 ab
1984 2097 2204 2166 imperito

96 2180 289 2236 librario
310 2196 454 2252 quem
473 2181 640 2251 reliqui
661 2181 976 2252 sequebantur
996 2197 1287 2250 expressum,
1312 2182 1515 2250 pessime
1538 2182 1715 2250 scripti,
1740 2188 1952 2236 ceterum
1963 2180 2205 2235 communi

96 2265 302 2337 originis
324 2264 516 2319 vinculo
538 2265 601 2318 ita
624 2265 745 2318 inter
767 2280 820 2319 se
846 2267 954 2319 nexi
977 2273 1031 2320 ut
1062 2267 1153 2320 nisi
1170 2265 1466 2320 librariorum
1488 2265 1724 2320 erroribus
1745 2271 1794 2319 et
1813 2265 2204 2335 interpolatorum

95 2348 443 2403 mutationibus
461 2363 556 2402 non
578 2348 834 2402 discedant.
894 2364 1004 2404 nam
1025 2358 1353 2420 praeterquam
1375 2349 1501 2420 quod
1526 2350 1603 2403 alii
1627 2350 1728 2404 aliis
1751 2349 1988 2403 erroribus
2010 2363 2207 2418 corrup·

98 2440 196 2487 tum
220 2431 498 2501 exemplum
520 2432 820 2500 repetebant,
855 2434 1003 2488 multa
1030 2435 1078 2488 in
1100 2434 1265 2503 primis
1284 2433 1415 2487 libris
1437 2449 1465 2486 e
1486 2440 1676 2488 centum
1699 2434 2006 2503 epistularum
2026 2432 2203 2488 codici·

95 2517 180 2571 bus
201 2518 410 2578 invecta,
431 2516 655 2570 nonnulla
673 2517 895 2572 Italorum
916 2518 1199 2571 coniecturis
1209 2524 1379 2571 novat-a
1399 2523 1525 2573 sunt.
1567 2532 1723 2588 neque
1744 2533 1805 2571 ex
1822 2518 1914 2571 alio
1937 2517 2069 2571 fonte
2090 2516 2206 2570 duc·

96 2607 168 2655 tos
189 2615 303 2655 esse
324 2600 492 2653 credas
512 2606 594 2653 aut
613 2599 949 2655 Laurentianus
970 2601 1089 2656 duos
1110 2601 1259 2671 plutei
1279 2600 1441 2656 va11
1462 2604 1528 2656 31
1553 2607 1602 2654 et
1622 2604 1688 2656 32
1701 2644 1715 2665 ,
1754 2602 1834 2671 qui
1867 2607 2052 2670 septem
2071 2599 2204 2653 libris

96 2684 355 2755 dispositas
377 2684 603 2753 epistulas
622 2683 858 2747 exhibent,
880 2690 962 2739 aut
981 2685 1343 2739 Ambrosianum
1362 2685 1420 2738 H.
1436 2687 1517 2748 54,
1541 2685 1587 2739 in
1609 2701 1703 2755 quo
1725 2685 1959 2754 posterior
1980 2683 2202 2753 epistula·

97 2784 197 2823 rum
227 2782 344 2838 pars
366 2767 476 2822 inde
497 2767 555 2822 ab
577 2776 740 2822 octava
763 2767 914 2839 quinti
944 2768 1050 2823 libri
1077 2769 1278 2838 epistula
1305 2769 1481 2838 scripta
1507 2774 1594 2823 ost.
1653 2783 1681 2822 e
1713 2768 1883 2839 quihus
1904 2767 2204 2821 Laurentiani

96 2853 304 2921 priorem
319 2851 627 2919 epistularum
640 2858 823 2922 partem
842 2867 901 2906 ex
913 2851 1181 2906 Florentino
1203 2852 1393 2906 ductam
1416 2852 1607 2918 habent,
1631 2852 1680 2905 in
1700 2852 1891 2922 reliquis
1914 2851 2079 2905 ordine
2097 2866 2204 2928 mp-

97 2942 209 2999 tato,
244 2935 296 2989 id
316 2935 447 3005 quod
472 2950 567 2989 non
589 2950 696 2989 raro
717 2936 765 2989 in
786 2935 860 2990 his
885 2936 1016 2990 libris
1043 2936 1223 2990 factum
1246 2943 1334 2999 est,
1358 2952 1419 2989 ex
1439 2942 1550 2991 octo
1572 2935 1800 2990 librorum
1822 2935 2065 2990 codicibus
2086 2949 2202 3003 pen-

96 3018 234 3082 dent;
279 3018 622 3072 Ambrosianus
641 3025 798 3073 autem
821 3026 875 3073 ut
893 3021 942 3073 in
963 3019 1056 3073 fine
1077 3020 1474 3089 subscriptionem
1496 3020 1649 3073 octavi
1671 3018 1778 3073 libri
1799 3018 1957 3082 habet,
1985 3019 2051 3072 ita
2071 3024 2204 3072 totus

95 3100 213 3157 hanc
233 3108 424 3156 sectam
443 3103 672 3173 sequitur.
705 3118 766 3156 ex
784 3103 858 3156 his
880 3103 1210 3174 igiturltalicis
1231 3104 1489 3165 codicibus,
1513 3118 1625 3157 cum
1645 3103 1724 3157 alii
1744 3102 1803 3156 ab
1826 3103 1929 3156 aliis
1946 3100 2204 3157 editoribus

95 3186 137 3240 in
169 3185 412 3241 auxilium
447 3187 605 3240 vocati
635 3186 731 3239 sint
744 3228 758 3250 ,
802 3187 902 3255 ipse
934 3188 1059 3257 elegi
1081 3186 1396 3241 Draedensem
1419 3186 1476 3241 D.
1501 3190 1599 3242 166
1617 3186 2027 3241 membranaceum
2049 3186 2200 3239 forma

93 3270 321 3340 quadrata
342 3270 530 3323 minore
545 3312 559 3333 ,
591 3269 673 3339 qui
707 3269 795 3324 fuit
817 3271 932 3324 olim
952 3269 1144 3339 Caspari
1165 3270 1363 3324 Barthii.
1431 3271 1566 3324 cuius
1596 3270 1703 3325 libri
1738 3270 1970 3339 scriptura
1999 3284 2111 3322 cum
2151 3269 2203 3322 in

92 3354 247 3421 priore
269 3353 583 3423 epistularum
603 3358 736 3422 parte
757 3353 848 3406 alia
866 3368 1009 3407 manu
1030 3354 1090 3407 de
1112 3353 1332 3423 exemplo
1353 3359 1544 3408 centnm
1564 3353 1872 3422 epistularum
1893 3360 2107 3406 correcta
2128 3366 2202 3404 ω-

91 3445 183 3501 set,
226 3438 297 3492 ita
316 3443 479 3490 tamen
501 3443 559 3491 ut
587 3435 700 3506 quid
728 3442 864 3491 antea
886 3437 1116 3506 scriptum
1136 3437 1308 3491 fuisset
1326 3438 1605 3508 plerumque
1627 3437 1856 3507 cognosci
1878 3440 2067 3504 posset,
2093 3448 2199 3485 cor·

90 3529 279 3576 rectore
300 3521 530 3592 neglecto
553 3519 705 3573 solam
718 3520 888 3588 prioris
906 3520 1085 3575 librarii
1105 3534 1299 3574 manum
1313 3521 1488 3575 curavi.
1515 3519 1691 3574 ordinis
1714 3524 1870 3572 autem
1894 3516 2197 3585 epistularum
