2467 3850
4 0 7 59 s
2097 0 2467 4 ff*

3 194 15 243 k
700 161 1224 232 ErisrULARmu
1253 168 1404 232 vm.
1448 178 1533 233 18.
1566 179 1648 234 19.
2047 170 2169 237 169

173 318 333 381 illius
363 319 674 400 asperitas,
708 320 845 381 mira
873 320 1117 382 felicitas
1145 320 1373 382 horum:
1412 321 1565 384 illius
1594 323 1904 400 asperitas,
1944 326 2038 401 qui
2067 342 2167 385 nu-

174 422 338 465 mero
370 406 573 464 civium
601 405 811 465 excidit
840 423 1008 484 quem
1036 406 1254 469 socium
1281 408 1446 466 etiam
1475 407 1530 465 in
1564 405 1759 466 liberis
1785 406 1975 466 habuit
1991 429 2006 476 ;
2038 407 2165 467 feli·

178 491 321 549 citas
348 488 581 565 horum,
631 489 834 567 quibus
862 491 1147 550 successit
1176 488 1449 549 inlocum
1473 492 1645 569 patris
1670 492 1764 567 qui
1794 499 2008 569 patrem
2037 492 2165 552 abs-

176 571 399 632 tulerat.
464 572 582 633 Sed
612 571 763 633 haec*
786 589 1015 652 quoque
1046 572 1329 633 hereditas
1357 573 1481 635 Afri
1509 583 1569 634 ut
1594 572 1809 651 reliqua
1842 592 1965 632 cum
1992 573 2210 638 fratre?

120 669 160 723 5
180 658 439 735 quaesita
457 658 879 735 transmittenda
910 666 1067 716 erant
1094 655 1242 716 filiae
1273 657 1479 734 fratris,
1511 674 1543 716 a
1575 674 1688 734 quo
1716 656 1911 718 Tullus
1942 676 2015 718 ex
2034 677 2167 720 asse

173 741 347 800 heres
389 741 673 801 institutus
714 740 1114 820 praelatusque
1165 739 1312 800 filiae
1362 741 1578 818 fuerat,
1639 750 1698 800 ut
1749 740 2167 803 conciliaretur.

174 823 304 897 Quo
336 822 666 885 laudabilius
696 833 1089 884 testamentum
1111 834 1224 901 est,
1259 825 1409 903 quod
1439 825 1619 902 pietas
1651 823 1792 885 fides
1815 825 1998 904 pudor
2025 829 2165 886 scri-

171 909 309 987 psit,
335 909 390 966 in
419 925 531 985 quo
562 908 807 986 denique
846 908 1098 968 omnibus
1127 908 1498 969 adfinitatibus
1527 926 1631 986 pro
1669 910 1941 986 cuiusque
1971 909 2164 971 officio

4 1056 6 1062 ,
173 993 353 1068 gratia
380 992 555 1051 relata
582 1001 704 1069 est,
735 992 910 1052 relata
941 1002 1000 1051 et
1030 993 1212 1051 uxori.
1255 990 1500 1071 Accepit
1528 994 1945 1052 amoenissimas
1974 994 2212 1072 villas,8

88 1093 158 1145 10
174 1075 402 1152 accepit
422 1093 677 1153 magnam
700 1078 994 1154 pecuniam
1021 1092 1166 1135 uxor
1186 1076 1396 1154 optima
1418 1085 1477 1136 et
1498 1078 1898 1155 patientissima
1919 1095 1986 1136 ac
2010 1087 2164 1138 tanto

174 1158 379 1219 melius
410 1158 483 1218 de
522 1161 643 1220 viro
675 1162 904 1236 merita,
937 1169 1142 1238 quanto
1170 1161 1348 1236 magis
1381 1169 1471 1220 est
1499 1160 1847 1239 reprehensa
1874 1160 2024 1239 quod
2061 1181 2163 1222 nu·

173 1243 306 1321 psit.
347 1241 486 1302 Nam
521 1243 721 1305 mulier
747 1244 1022 1307 natalibus
1048 1242 1230 1320 clara,
1262 1244 1509 1303 moribus
1539 1244 1746 1322 proba,
1775 1254 1958 1305 aetate
1989 1245 2163 1306 decli·-

173 1327 285 1402 vis‚
311 1325 405 1385 diu
428 1326 628 1404 vidua,
660 1337 838 1388 mater
869 1327 1003 1388 olim
1021 1373 1040 1404 ‚
1070 1344 1265 1406 parum
1295 1327 1506 1388 decore
1539 1337 1736 1389 secuta
1761 1331 2162 1389 matrimonium

173 1409 470 1469 videbatur
502 1410 686 1473 divitis
718 1414 904 1488 senis»,
935 1414 1010 1472 ita
1038 1410 1242 1490 perditi
1271 1411 1468 1471 morbo
1502 1422 1561 1471 ut
1591 1430 1723 1472 esse
1756 1413 1940 1473 taedio
1965 1422 2164 1491 posset

4 1506 13 1561 ξ
88 1505 156 1559 15
173 1496 339 1571 uxori
368 1511 532 1572 quam
563 1496 781 1556 iuvenis
810 1513 1094 1573 sanusque
1123 1494 1399 1555 duxisset.
1453 1495 1678 1574 Quippe
1714 1498 1969 1558 omnibus
1990 1510 2212 1566 mem-9

173 1578 294 1638 bris
331 1588 589 1639 extortus
623 1589 682 1640 et
723 1580 934 1639 fractus
966 1588 1147 1638 tantas
1191 1593 1334 1656 opes
1375 1579 1515 1639 solis
1553 1579 1736 1640 oculis
1770 1581 1962 1641 obibat
1990 1599 2057 1641 ac
2089 1601 2162 1641 ne

170 1661 230 1720 in
259 1660 474 1721 lectulo
505 1661 732 1741 quidem
757 1664 863 1722 nisi
894 1663 965 1722 ab
993 1661 1116 1722 aliis
1146 1660 1493 1721 movebatur.
1537 1661 1682 1735 Quin
1714 1666 1876 1723 etiam
1903 1664 2164 1742 (foedum

169 1743 660 1824 miserandumque
701 1746 885 1824 dictu)
932 1746 1131 1805 dentes
1171 1744 1439 1815 lavandos
1481 1744 1879 1824 fricandosque
1921 1749 2162 1825 praebe·

170 1828 287 1888 bat.
323 1829 587 1890 Auditum
613 1830 944 1909 frequenter
973 1848 1046 1888 ex
1072 1830 1224 1906 ipso,
1259 1847 1385 1887 cum
1413 1839 1748 1906 quereretur
1778 1829 1849 1890 de
1876 1841 2161 1890 contume-

86 1925 159 1978 20
173 1912 264 1973 liis
282 1912 584 1974 debilitatis
603 1933 762 1992 suae,
788 1913 994 1992 digitos
1024 1932 1091 1973 se
1115 1930 1407 1973 servorum
1429 1930 1659 1974 suorum
1681 1913 1889 1974 cotidie
1920 1913 2157 1991 lingere.

170 1998 414 2060 Vivebat
439 2008 625 2062 tamen
659 2010 717 2060 et
744 2000 943 2059 vivere.
977 1996 1231 2074 volebat,
1276 2006 1623 2057 sustentante
1672 1998 1907 2057 maxime
1958 2014 2158 2075 uxore,
2181 2014 2247 2063 ιο

172 2098 319 2160 quae
351 2081 572 2160 eulpam
599 2083 845 2143 inchoati
873 2082 1203 2148 matrimonii
1230 2082 1287 2140 in
1316 2080 1553 2158 gloriam
1581 2083 2002 2160 perseverantia
2032 2101 2160 2141 ver-

169 2175 334 2224 terat.
407 2164 594 2226 Habes
637 2179 830 2227 omnes
870 2166 1087 2230 fabulas
1132 2165 1315 2225 urbis:
1366 2180 1491 2224 nam
1531 2175 1657 2236 sunt
1701 2182 1897 2226 omnes
1938 2164 2158 2226 fabulae
2184 2179 2243 2231 11

171 2248 388 2308 Tullus,
419 2248 799 2329 Exspectatur
815 2253 1021 2312 auctio.
1066 2249 1194 2309 Fuit
1209 2250 1357 2311 enim
1379 2261 1491 2310 tam
1515 2252 1782 2328 copiosus
1801 2258 1862 2308 ut
1884 2250 2160 2329 amplissi-

87 2345 293 2400 25mos
324 2332 520 2393 hortos
554 2335 756 2396 eodem
786 2354 900 2414 quo
932 2342 1144 2395 emerat
1180 2331 1272 2392 die
1299 2335 1621 2394 instruxerit
1648 2333 1901 2413 plurimis
1932 2344 1990 2394 et
2021 2335 2159 2393 anti-

4 2413 5 2420 '
171 2418 453 2493 quissimis
484 2420 700 2479 statuis.
761 2418 991 2479 Tantum
1030 2418 1111 2477 illi
1141 2417 1643 2495 pulcherrimorum
1680 2436 1910 2498 operum
1940 2420 1995 2478 in
2029 2418 2159 2477 hor·

166 2503 318 2576 reis,
362 2520 503 2578 quae
544 2502 907 2580 neglegebat.
965 2502 1216 2561 Invicem
1254 2511 1337 2577 tu,
1384 2505 1432 2563 si
1469 2502 1601 2581 quid
1644 2505 1772 2562 istic
1805 2502 2048 2580 epistula
2078 2501 2158 2560 di·

169 2602 363 2662 gnum,
387 2603 458 2643 ne
481 2604 735 2661 gravare.
779 2585 919 2646 Nam
946 2605 1070 2645 cum
1090 2602 1257 2645 aures
1278 2585 1561 2645 hominum
1583 2589 1830 2646 novitate
1861 2586 2156 2662 laetantur,
2179 2597 2245 2648 12

170 2678 288 2730 tum
317 2667 387 2727 ad
414 2670 686 2729 rationem
714 2672 863 2730 vitae
897 2669 1175 2749 exemplis
1205 2668 1506 2729 erudimur.
1566 2669 1725 2729 Vale.

84 2766 155 2819 ³⁰
1040 2796 1277 2886 xvim.

644 2907 649 2912 ·
721 2894 775 2945 C.
812 2895 1059 2945 PLINIUS
1095 2895 1362 2945 MAXIMO
1398 2894 1517 2945 SUO
1555 2894 1608 2947 S.

293 2993 369 3055 Et
398 2991 657 3071 gaudium
696 2995 828 3054 mihi
860 3003 918 3054 et
949 2995 1220 3056 solacium
1250 2998 1306 3055 in
1336 2996 1571 3073 litteris,
1615 2992 1865 3072 nihilque
1901 3003 2011 3053 tam
2045 2989 2157 3055 lae·
2183 3009 2208 3061 1

4 3103 24 3144 v
169 3091 285 3141 tum
324 3077 481 3158 quod
518 3077 606 3136 his
650 3078 888 3156 laetius,
934 3089 1044 3139 tam
1080 3082 1242 3144 triste
1286 3079 1438 3158 quod
1475 3096 1588 3138 non
1620 3097 1725 3157 per
1749 3076 1849 3139 has
1879 3078 1953 3139 sit
1976 3080 2159 3140 minus

86 3174 155 3229 35
172 3166 352 3226 triste.
417 3159 620 3241 ltaque
663 3172 720 3222 et
751 3164 1063 3224 infirmitate
1095 3165 1286 3223 uxoris
1320 3173 1378 3223 et
1408 3180 1660 3223 meorum
1693 3162 1985 3241 periculo,
2020 3181 2158 3242 quo-

169 3248 400 3308 rundam
440 3265 580 3307 vero
624 3249 790 3307 etiam
830 3256 1011 3309 morte
1056 3248 1344 3325 turbatus,
1387 3247 1456 3307 ad
1495 3249 1720 3306 unicum
1753 3243 1963 3308 doloris
2006 3246 2158 3307 leva·

169 3340 416 3391 mentum
457 3331 637 3391 studia
677 3332 943 3410 confugi,
989 3349 1133 3409 quae
1177 3341 1464 3409 praestant
1505 3341 1566 3391 ut
1606 3328 1841 3391 adversa
1873 3332 2051 3408 magis
2076 3332 2157 3390 in·

3 3403 9 3674 Ι
170 3414 463 3494 tellegam,
487 3414 592 3476 sed
619 3418 919 3496 patientius
944 3415 1137 3477 feram.
1179 3415 1290 3478 Est,
1311 3426 1494 3478 autem
1516 3415 1647 3477 mihi
1670 3417 1840 3476 moris
1865 3415 2014 3494 quod
2036 3433 2157 3478 sum
2174 3424 2209 3475 2

4 2053 29 2101 θ

4 2657 31 2718 t

3 3701 9 3831 1
2209 3797 2244 3830 Α
