2467 3850
307 111 432 176 202
1150 108 1215 169 C.
1252 107 1445 170 PLINI

308 263 459 326 enim
483 259 702 339 imitari,
731 270 790 323 te
819 260 1088 341 subsequi
1115 261 1360 324 student.
1403 261 1540 322 Ideo
1561 271 1795 342 utraque
1811 277 2000 321 mores
2030 261 2282 338 eosdem,

303 349 438 427 quia
461 353 695 423 utraque
722 356 850 407 tuos
877 345 1065 406 habet.
1107 343 1244 412 Inde
1273 345 1615 421 moderatio,
1656 346 1786 406 inde
1817 348 1984 405 etiam
2013 354 2280 423 perpetua

305 430 598 492 securitas.
651 427 856 509 Neque
899 431 1044 490 enim
1086 446 1341 508 umquam
1381 428 1843 508 periclitabuntur
1879 430 2278 507 esse¹privatae

305 531 452 594 quae
476 529 590 576 non
617 513 921 576 desierunt.
968 512 1261 574 Obtulerat
1282 512 1395 574 illis
1417 523 1644 575 senatus
1669 530 1985 599 cognomen
2005 513 2279 590 Augusta·

305 615 460 673 rum,
501 596 653 675 quod
681 599 936 659 certatim
966 596 1304 675 deprecatae
1334 606 1497 674 sunt,
1539 615 1705 676 quam
1732 599 1824 658 diu
1851 595 2327 675 appellationem5

305 683 481 760 patris
511 682 725 760 patriae
754 691 813 742 tu
842 697 1210 757 recusasses,
1252 700 1355 741 seu
1387 680 1541 759 quod
1565 680 1695 759 plus
1727 699 1861 743 esse
1889 681 1944 739 in
1974 696 2045 739 eo
2078 679 2279 742 iudica-

304 765 471 841 bant,
519 766 570 826 si
598 783 739 825 uxor
775 774 834 826 et
861 780 1026 825 soror
1053 775 1146 824 tua
1182 782 1343 843 quam
1373 767 1422 825 si
1450 764 1740 841 Augustae
1769 765 2106 825 dicerentur.
2169 763 2282 823 Sed
2439 695 2441 834 4

305 865 693 927 quaecumque
721 848 833 909 illis
859 850 1000 908 ratio
1028 857 1232 910 tantam
1257 848 1588 910 modestiam
1617 850 1825 926 suasit,
1857 847 1969 907 hoc
1997 849 2173 924 magis
2202 846 2280 906 di·

303 951 452 1010 gnae
479 942 609 994 sunt
636 934 860 1011 quaein
885 932 1078 992 animis
1109 934 1317 992 nostris
1348 941 1407 993 et
1434 933 1542 992 sint
1571 942 1628 993 et
1657 932 1963 994 habeantur
1990 939 2279 1009 augustae,

304 1018 432 1095 quia
461 1033 571 1076 non
598 1027 887 1077 vocantur.
944 1014 1090 1087 Quid
1131 1016 1279 1076 enim
1299 1015 1636 1078 laudabilius
1665 1016 1886 1077 feminis
1917 1033 2078 1093 quam
2105 1016 2155 1075 si
2181 1023 2363 1078 ve-'lo

302 1118 427 1159 rum
451 1100 726 1161 honorem
751 1116 862 1160 non
889 1100 947 1159 in
984 1098 1291 1178 splendore
1320 1099 1606 1161 titulorum
1633 1100 1737 1161 sed
1776 1102 1832 1160 in
1862 1098 2078 1158 iudiciis
2106 1099 2280 1158 homi·

301 1200 432 1243 num
458 1194 766 1264 reponant,
797 1184 1127 1262 magnisque
1150 1184 1469 1244 nominibus
1498 1201 1665 1263 pares
1695 1202 1760 1246 se
1786 1183 2024 1260 faciant,
2068 1192 2125 1243 et
2155 1182 2284 1241 dum

300 1264 608 1328 recusant?
2440 1277 2441 1358 y

85 1393 90 1398 -
201 1357 284 1422 85
429 1350 545 1411 Iam
572 1351 735 1410 etiam
768 1351 826 1410 in
865 1351 1201 1428 privatorum
1228 1352 1423 1412 animis
1453 1349 1784 1412 exoleverat
1808 1352 2055 1430 priscum
2080 1361 2281 1411 morta·

303 1432 439 1494 lium
472 1434 714 1511 bonum,
748 1436 1021 1511 amicitia,
1054 1437 1212 1496 cuius
1243 1438 1299 1495 in
1325 1434 1516 1497 locum
1543 1437 1916 1513 migraverant
1940 1433 2280 1495 adsentatio-
2299 1444 2362 1498 15

299 1534 439 1594 nes,
470 1515 804 1596 blanditiae,
834 1527 893 1579 et
914 1520 1077 1597 peior
1095 1517 1223 1580 odio
1253 1521 1456 1581 amoris
1481 1518 1774 1580 simulatio.
1812 1518 2033 1578 Etenim
2055 1519 2109 1578 in
2132 1519 2283 1595 prin·

299 1603 488 1680 cipum
510 1600 675 1661 domo
696 1619 900 1663 nomen
920 1611 1128 1663 tantum
1152 1603 1457 1681 amicitiae,
1484 1604 1649 1664 inane
1673 1603 1894 1663 scilicet
1916 1603 2283 1679 inrisumque,

300 1685 642 1745 remanebat.
700 1684 841 1747 Nam
885 1704 1027 1765 quae
1073 1695 1299 1765 poterat
1338 1706 1472 1748 esse
1508 1689 1654 1747 inter
1683 1704 1785 1746 eos
1826 1687 2099 1763 amicitia,
2142 1703 2284 1764 quo·

298 1785 421 1828 rum
448 1770 556 1830 sibi
583 1768 677 1830 alii
706 1770 943 1846 domini,
975 1768 1069 1830 alii
1096 1772 1250 1831 servi
1281 1767 1652 1831 videbantur?
1694 1769 1778 1829 Tu
1805 1770 1948 1831 hanc
1979 1769 2200 1848 pulsam
2223 1778 2286 1829 et

301 1860 577 1913 errantem
603 1854 904 1914 reduxisti:
932 1852 1108 1915 habes
1136 1856 1349 1915 amicos
1366 1899 1385 1933 ,
1415 1857 1545 1935 quia
1562 1856 1773 1916 amicus
1796 1856 1921 1934 ipse
1954 1872 2036 1915 es.
2076 1853 2370 1932 Neque2o

301 1940 449 1998 enim
473 1948 536 2020 ut
569 1937 676 1999 alia
701 1940 977 2000 subiectis
1006 1940 1084 1999 ita
1110 1956 1267 2000 amor
1291 1941 1628 2019 imperatur,
1678 1956 1864 2018 neque
1891 1948 1982 1999 est
2009 1937 2156 1997 ullus
2186 1938 2287 1996 ad-

296 2019 484 2082 fectus
512 2030 620 2081 tam
653 2032 880 2085 erectus
909 2031 973 2083 et·
994 2021 1141 2083 liber
1176 2032 1236 2083 et
1278 2022 1663 2084 dominationis
1693 2024 2005 2101 inpatiens,
2044 2040 2155 2081 nee
2185 2024 2290 2099 qui

296 2107 475 2181 magis
498 2105 659 2166 vices
689 2108 893 2185 exigat.
939 2106 1134 2168 Potest
1165 2107 1408 2168 fortasse
1432 2109 1699 2186 princeps
1723 2107 1946 2184 inique,
1976 2115 2171 2185 potest
2200 2115 2288 2165 ta-

296 2204 426 2247 men
457 2189 587 2248 odio
616 2208 748 2251 esse
777 2209 890 2250 non
919 2188 1122 2267 nullis,
1154 2192 1371 2253 etiamsi
1402 2193 1530 2270 ipse
1561 2208 1674 2251 non
1703 2190 1910 2250 oderit:
1941 2192 2141 2266 amari,
2175 2189 2289 2248 nisi

295 2272 423 2350 ipse
451 2282 630 2348 amet,
683 2291 795 2333 non
821 2283 1031 2353 potest.
1089 2273 1297 2353 Diligis
1328 2292 1502 2353 erge,
1554 2291 1681 2334 cum
1709 2273 1992 2351 diligaris,
2031 2282 2089 2333 et
2116 2274 2175 2332 in
2206 2290 2284 2335 eo
2304 2283 2374 2336 25

297 2353 449 2433 quod
477 2356 750 2434 utrimque
768 2356 1217 2418 honestissimum
1248 2368 1339 2420 est
1366 2367 1483 2419 tota
1503 2356 1684 2434 gloria
1714 2366 1806 2417 tua
1835 2367 1951 2426 est;
1987 2358 2082 2434 qui
2110 2374 2290 2435 supe-

276 2440 411 2525 ,rior
450 2437 633 2498 factus
673 2439 974 2502 descendis
1014 2443 1071 2501 in
1110 2445 1292 2503 omnia
1325 2440 1704 2504 familiaritatis
1748 2441 1936 2502 officia
1970 2449 2029 2501 et
2064 2442 2121 2500 in
2148 2441 2289 2499 ami-

296 2539 424 2583 cum
451 2540 527 2582 ex
547 2524 886 2601 imperatore
914 2527 1300 2595 summitteris;
1328 2527 1493 2587 immo
1524 2534 1659 2586 tunc
1681 2525 1921 2586 maxime
1943 2527 2288 2602 imperator,

296 2624 422 2667 cum
449 2608 684 2668 amicum
710 2610 852 2686 agis.
906 2607 1129 2669 Etenim
1158 2627 1285 2670 cum
1316 2609 1566 2689 plurimis
1598 2610 1853 2670 amicitiis
1878 2608 2099 2668 fortuna
2127 2609 2291 2686 prin-

294 2692 481 2771 cipum
507 2691 790 2768 indigeat,
838 2695 1201 2772 praecipuum
1229 2704 1319 2754 est
1341 2695 1612 2773 principis
1641 2710 1784 2773 opus
1813 2694 2025 2755 amicos
2053 2709 2287 2771 parare.
2307 2700 2378 2756 30

292 2772 520 2836 Placeat
553 2775 655 2836 tibi
684 2794 916 2856 semper
941 2775 1086 2838 haec
1115 2786 1305 2855 secta,
1339 2786 1398 2837 et
1426 2794 1551 2836 cum
1580 2776 1717 2838 alias
1745 2778 1981 2837 virtutes
2009 2785 2136 2837 tuas
2165 2784 2293 2834 tum

291 2855 435 2918 hanc
462 2859 916 2921 constantissime
946 2870 1180 2939 teneas,
1209 2877 1609 2940 nec‘umquam
1639 2859 2043 2939 persuadeatur
2068 2858 2295 2918 humile
2440 2866 2441 2935 l

293 2958 427 3001 esse
454 2944 727 3022 principi,
769 2945 879 3005 nisi
911 2944 1124 3005 odisse.
1177 2942 1644 3006 Iucundissimum
1685 2953 1774 3005 est
1801 2946 1857 3004 in
1886 2944 2060 3005 rebus
2089 2942 2294 3003 huma-

290 3023 378 3081 nis
406 3029 604 3104 aman',
652 3027 759 3088 sed
784 3045 896 3088 non
933 3029 1112 3089 minus
1140 3046 1344 3090 amare.
1406 3027 1658 3102 Quorum
1689 3037 1931 3107 utroque
1959 3028 2034 3087 ita
2072 3027 2295 3088 frueris

291 3114 384 3181 ut,
416 3123 541 3167 cum
568 3109 696 3187 ipse
723 3110 1115 3172 ardentissime
1153 3112 1390 3191 diligas,
1413 3112 1596 3175 adhuc
1624 3121 1810 3175 tamen
1836 3112 2122 3174 ardentius
2158 3110 2385 3174 dili-35

288 3188 470 3265 garis:
523 3193 790 3272 primum,
834 3197 962 3274 quia
990 3195 1210 3258 facilius
1253 3206 1376 3274 est,
1433 3215 1601 3258 unum
1629 3214 1814 3258 amare
1845 3210 2009 3275 quam
2036 3195 2297 3262 mult0s;

290 3270 531 3349 deinde,
572 3277 697 3352 quia
725 3279 829 3338 tibi
857 3279 1227 3341 amicosfftuos
1261 3279 1548 3359 obligandi
1577 3280 1738 3342 adest
1767 3278 2005 3341 facultas
2034 3288 2192 3340 tanta
2226 3289 2300 3339 ut

191 3346 272 3410 86
290 3369 454 3413 nemo
481 3363 541 3414 te
574 3359 760 3435 possit
784 3362 891 3420 nisi
917 3363 1166 3439 ingratus
1186 3380 1300 3425 non
1327 3367 1508 3443 magis
1536 3381 1738 3426 amare.
1784 3364 2010 3444 Operae
2032 3366 2297 3444 pretium
