2467 3850
686 205 1202 269 EPISTULARUM
1229 205 1303 267 11.
1348 217 1432 270 15.
1462 215 1544 270 16.
1577 214 1661 270 17.
2070 209 2152 272 37

177 359 504 438 habendos,
556 362 683 440 qnia
717 378 829 420 non
869 362 980 421 sint
1019 359 1324 419 confirmati
1361 367 1725 425 testamento;
1776 356 1925 438 quod
1954 361 2039 420 ius
2077 379 2149 423 ne
2170 378 2203 429 2

177 446 308 504 mibi
349 444 576 523 quidem
618 447 869 522 ignotum
911 454 1033 520 est,
1079 461 1204 502 cum
1240 445 1311 503 sit
1340 441 1426 501 his
1464 443 1630 501 etiam
1664 452 1853 501 notum
1894 445 1988 520 qui
2015 444 2151 507 nihil

177 528 327 589 aliud
349 530 550 589 sciunt.
581 528 698 588 Sed
719 545 832 605 ego
856 529 1136 606 propriam
1160 526 1430 605 quandam
1454 525 1643 601 legem
1663 525 1792 585 mihi
1816 527 1947 604 dixi,
1971 537 2032 587 ut
2056 527 2152 588 de·

176 612 497 672 functorum
510 611 851 688 voluntates,
878 612 1092 672 etiamsi
1118 611 1239 670 iure
1264 609 1660 685 delinerentur,
1684 612 1841 689 quasi
1867 612 2152 688 perfectas

130 702 390 756 5tuerer.
453 694 686 756 Constat
715 705 899 757 autem
929 693 1222 755 codicillos
1255 695 1397 755 istos
1426 691 1662 753 Aciliani
1695 711 1854 753 manu
1887 696 2150 772 scriptos.

175 779 336 839 Licet
372 797 512 856 ergo
544 797 655 839 non
677 780 787 840 sint
816 779 1121 838 confirmati
1150 786 1509 852 testamento,
1542 796 1574 837 a
1602 793 1691 836 me
1722 787 1904 837 tamen
1932 788 1992 837 ut
2020 796 2151 839 con·
2170 793 2203 846 3

177 864 376 923 firmati
406 863 888 939 observabuntur,
938 863 1271 942 praesertim
1306 878 1432 919 cum
1460 859 1695 920 delatori
1723 860 1884 921 locus
1913 880 2026 921 non
2060 865 2151 923 sit.

175 945 319 1006 Nam
349 949 397 1006 si
428 947 733 1006 verendum
759 956 918 1006 esset
954 964 1028 1005 ne
1058 945 1209 1022 quod
1237 962 1350 1020 ego
1378 943 1661 1004 dedissem
1693 945 1939 1023 populus
1966 947 2198 1025 eripe-4

175 1040 298 1106 ret,
342 1032 688 1091 cunctantior
723 1030 963 1090 fortasse
1005 1038 1063 1089 et
1102 1031 1317 1088 cautior
1343 1046 1476 1088 esse
1507 1027 1803 1088 deberem:
1858 1047 1985 1088 cum
2013 1047 2153 1091 vero

106 1126 163 1179 10
175 1113 347 1174 liceat
369 1113 563 1174 heredi
587 1113 792 1174 donare
826 1113 977 1193 quod
1003 1114 1058 1171 in
1081 1111 1392 1175 hereditate
1423 1111 1700 1188 subsedit,
1729 1112 1862 1171 nihil
1892 1123 1981 1173 est
2002 1115 2154 1191 quod

176 1199 369 1257 obstet
398 1197 479 1255 illi
511 1215 670 1258 meae
705 1197 853 1275 legi,
884 1197 975 1256 cui
998 1196 1260 1274 publicae
1292 1194 1459 1272 leges
1488 1213 1599 1255 non
1619 1207 1949 1275 repugnant.
1990 1197 2152 1259 Vale.

1063 1329 1243 1391 xv11.
1315 1302 1464 1391 N

752 1428 805 1479 C.
842 1429 1090 1482 PLINIUS
1126 1430 1339 1481 GALLO
1379 1429 1498 1482 SUO
1533 1429 1584 1480 S.

105 1540 162 1592 15
300 1530 518 1591 Miraris
561 1548 662 1590 cur
696 1549 788 1592 me
834 1531 1225 1593 Laurentinum
1269 1533 1396 1611 vel,
1444 1536 1492 1595 si
1535 1535 1611 1596 ita
1651 1537 1856 1611 mavia,
1905 1534 2198 1600 Laurensl
2242 1591 2248 1598 .

175 1633 361 1676 meum
387 1624 540 1674 tanto
582 1633 759 1694 opere
803 1615 1080 1677 delectet:
1132 1617 1358 1678 desines
1389 1620 1605 1695 mirari,
1655 1636 1780 1676 cum
1812 1621 2151 1696 cognoveris

174 1702 409 1777 gratiam
435 1697 638 1776 villae,
679 1702 1109 1777 oportunitatem
1135 1700 1284 1778 loci‘,
1316 1701 1494 1761 litoris
1524 1703 1782 1779 spatium.
1846 1702 2064 1763 Decem
2095 1713 2151 1763 et
2171 1712 2204 1763 2

175 1793 401 1861 septem
439 1782 661 1843 milibus
703 1802 971 1863 passuum
1010 1786 1079 1843 ab
1120 1784 1259 1843 urbe
1304 1786 1577 1861 secessit,
1619 1794 1679 1843 ut
1717 1788 1959 1881 peractis
2007 1805 2151 1864 quae

177 1865 395 1944 agenda
435 1866 639 1928 fuerint
681 1867 837 1929 salvo
881 1870 986 1929 iam
1015 1877 1071 1929 et
1102 1869 1420 1947 composito
1455 1867 1543 1927 die
1572 1868 1763 1946 possis
1799 1868 1873 1927 ibi
1905 1887 2150 1930 manere.

103 1952 377 2011 wAditur
414 1969 524 2012 non
552 1970 657 2011 una
682 1953 801 2020 via;
843 1970 966 2013 nam
995 1962 1052 2013 et
1083 1953 1410 2013 Laurentina
1439 1961 1497 2012 et
1531 1950 1807 2013 Ostiensis
1839 1952 2040 2012 eodem
2068 1953 2150 2012 fe-

175 2044 324 2110 runt,
361 2034 464 2094 sed
491 2034 820 2097 Laurentina
848 2055 878 2095 a
912 2046 1137 2114 quarto
1146 2017 1364 2096 decim⁸3
1394 2036 1601 2114 lapide,
1646 2034 1920 2097 Ostiensis
1950 2037 2019 2095 ab
2050 2054 2150 2094 un·
2187 2045 2206 2078 N

176 2118 398 2178 decimo
429 2118 794 2197 relinquenda
824 2130 932 2179 est.
986 2120 1276 2198 Utrimque
1307 2121 1517 2198 excipit
1545 2122 1653 2179 iter
1680 2119 1862 2197 aliqua
1889 2139 1962 2180 ex
1989 2129 2148 2198 parte

175 2202 546 2277 harenosum,
589 2204 792 2263 iunctis
834 2204 1003 2281 paulo
1034 2206 1261 2283 gravius
1300 2215 1356 2264 et
1390 2204 1646 2280 longius,
1692 2221 1841 2281 equo
1882 2205 2057 2264 breve
2090 2214 2148 2264 et

176 2284 369 2345 molle.
426 2284 591 2346 Varia
621 2285 751 2345 hinc
779 2296 945 2365 atque
975 2289 1103 2348 inde
1137 2288 1342 2349 facies:
1376 2305 1498 2348 nam
1528 2288 1695 2346 modo
1725 2288 2201 2348 occurrentibus3

102 2380 161 2432 25
179 2369 335 2429 silvis
364 2370 454 2429 via
484 2379 793 2447 coartatur,
834 2371 1000 2431 modo
1041 2372 1324 2432 latissimis
1355 2372 1528 2449 pratis
1561 2370 1879 2431 diffunditur
1907 2382 1963 2431 et
1991 2382 2148 2450 pate-

176 2455 313 2521 scit;
367 2452 524 2511 multi
569 2471 781 2530 greges
813 2457 1030 2531 ovium,
1070 2454 1243 2515 multa
1268 2456 1344 2515 ibi
1378 2472 1653 2534 equorum
1682 2456 1850 2515 boum
1879 2466 2145 2532 armenta,

175 2554 320 2614 quae
344 2536 625 2596 montibus
648 2536 831 2596 hieme
855 2537 1091 2617 depulsa
1114 2538 1306 2599 herbis
1328 2548 1388 2598 et
1412 2549 1611 2616 tepore
1640 2556 1818 2598 verno
1846 2540 2147 2598 nitescunt.

172 2618 319 2679 Villa
349 2620 546 2680 usibus
572 2638 768 2698 capax,
796 2639 908 2680 non
936 2631 1262 2699 sumptuosa
1284 2622 1476 2682 tutela.
1521 2620 1731 2683 Cuius
1715 2641 1770 2680 in
1792 2624 1965 2699 prima
1988 2631 2146 2698 parte
2166 2628 2200 2680 4

176 2705 372 2762 atrium
405 2702 554 2779 frugi
593 2721 701 2775 nec
740 2713 923 2764 tamen
958 2704 1271 2781 sordidum,
1324 2705 1524 2765 deinde
1557 2706 1806 2782 porticus
1836 2707 1890 2762 in
1917 2703 1967 2761 D
1998 2704 2147 2765 litte·

103 2788 269 2846 30rae
297 2765 713 2846 similitudinem
744 2789 1133 2865 circumactae,
1170 2790 1371 2866 quibus
1401 2787 1633 2867 parvola
1662 2787 1764 2847 sed
1793 2787 1996 2847 festiva
2020 2806 2149 2848 area

175 2869 491 2929 includitur.
534 2869 844 2948 Egregium
871 2871 976 2932 hae
1005 2871 1671 2948 adversus-tempestates
1693 2870 2147 2948 receptaculum:

175 2969 296 3013 nam
326 2953 720 3031 specularibus
753 2973 818 3014 ac
847 2956 1021 3015 multo
1049 2957 1226 3032 magis
1256 2956 1664 3014 imminentibus
1703 2956 1870 3013 tectis
1898 2957 2149 3014 muniun-

175 3046 281 3096 tur.
322 3036 431 3097 Est
464 3047 657 3096 contra
690 3038 898 3099 medias
931 3038 1255 3115 cavaedium
1286 3037 1458 3112 hilare
1479 3083 1495 3113 ,
1524 3054 1654 3095 mox
1683 3037 1977 3096 triclinium
2013 3041 2197 3102 satist,

177 3121 493 3197 pulchrum,
529 3121 681 3197 quod
710 3125 764 3180 in
795 3123 925 3183 litus
949 3123 1216 3198 excurrit,
1250 3140 1315 3181 ac
1341 3123 1388 3181 si
1418 3120 1635 3198 quando
1664 3119 1858 3180 Africo
1888 3139 2038 3182 mare
2066 3124 2147 3182 in·

100 3204 398 3281 35pulsum
429 3213 541 3279 est,
572 3204 763 3265 fractis
791 3208 897 3266 iam
930 3217 988 3266 et
1018 3206 1338 3265 novissimis
1369 3204 1630 3263 fluctibus
1660 3203 1862 3265 leviter
1887 3205 2146 3265 adluitur.
2165 3250 2216 3268 .-

176 3285 431 3366 Undique
460 3286 655 3348 valvas
683 3298 776 3348 aut
803 3289 1080 3349 fenestras
1110 3306 1221 3347 non
1257 3289 1501 3346 minores
1522 3285 1700 3346 valvis
1729 3287 1930 3364 habet,
1978 3299 2146 3367 atque

176 3372 247 3431 ita
274 3390 309 3433 a
338 3371 611 3431 lateribus
634 3390 665 3432 a
693 3372 878 3434 fronte
904 3374 1061 3451 quasi
1090 3375 1192 3431 tria
1220 3374 1386 3431 maria
1415 3381 1773 3449 prospectat;
1809 3391 1840 3431 a
1868 3381 2030 3447 tergo
2056 3390 2146 3431 ca·

174 3455 466 3533 vaedium,
499 3457 812 3534 porticum,
843 3474 1060 3534 aream,
1095 3458 1373 3534 porticum
1401 3473 1618 3531 rursus,
1649 3471 1780 3514 mox
1801 3456 2016 3529 atrium,
2048 3450 2143 3513 sil-

1855 3565 1864 3578 ‚

1763 3599 1964 3650 'ml-
