2467 3850
683 155 1200 217 EPISTULARUM
1227 155 1324 216 VI.
1372 165 1454 219 19.
1487 167 1571 219 20.
2019 155 2137 220 121

150 308 336 367 miuus
377 305 776 368 fomidolosus
820 307 949 386 quia
991 306 1331 386 Campaniae
1370 306 1586 368 solitus.
1650 302 1752 366 Illa
1794 323 1931 367 vero
1967 316 2137 368 nocte

152 392 228 452 ita
257 391 494 451 invaluit
520 401 580 452 ut
608 410 720 451 non
749 393 961 451 moveri
991 395 1170 452 omnia
1194 393 1298 451 sed
1327 393 1471 452 verti
1501 389 1879 450 crederentur.
1927 391 2134 451 Inrum·
2156 402 2191 454 4

153 478 235 554 pit
267 475 591 535 cubiculum
618 493 799 535 meum
829 485 1035 537 mater:
1066 477 1386 553 surgebam,
1418 477 1679 552 invicem,
1712 477 1758 534 si
1789 478 2134 552 quiesceret,

154 562 518 620 excitaturus,
571 558 890 620 Residimus
919 562 974 620 in
1003 579 1133 621 area
1163 559 1381 636 domus,
1415 577 1558 637 quae
1588 577 1737 619 mare
1769 577 1799 617 a
1826 562 1990 619 tectis
2019 578 2137 619 mo-

107 643 284 708 adico
315 645 500 721 spatio
528 641 830 704 dividebat.
869 643 1077 703 Dubito
1110 645 1474 704 constantiam
1501 660 1711 703 vocare
1741 661 1808 702 an
1838 643 2186 721 inpruden-5

153 729 284 786 tiam
318 727 582 795 debeam:
625 728 860 805 agebam
902 729 1047 787 enim
1090 728 1640 788 duodevicensimum
1684 744 1910 786 annum:
1962 744 2138 805 posco

152 809 477 870 librumTiti
507 809 626 869 Livi
649 820 714 871 'et
737 813 895 889 quasi
926 830 1032 890 per
1053 814 1223 872 otium
1246 811 1380 889 lego
1409 811 1593 889 adque
1621 813 1806 886 etiam,
1838 819 1898 870 ut
1930 828 2138 890 coepe·

152 912 302 971 ram,
334 911 607 972 excerpo.
672 894 862 972 Ecce,
905 896 1117 956 amicus
1151 895 1450 973 avunculi,
1482 897 1575 973 qui
1604 913 1785 973 nuper
1810 896 1879 954 ad
1911 913 2038 955 eum
2067 914 2140 956 ex

151 977 420 1057 Hispania
447 989 711 1054 venerat,
758 989 818 1039 ut
846 989 1023 1039 meet
1051 989 1281 1040 matrem
1323 979 1627 1056 sedentes,
1671 996 1761 1037 me
1799 996 1940 1038 vero
1974 980 2137 1039 etiam

80 1061 441 1139 lolegentem
470 1061 655 1140 videt,
699 1061 851 1122 illius
880 1065 1235 1141 patientiam,
1270 1066 1630 1124 securitatem
1669 1080 1846 1121 meam
1877 1064 2138 1142 corripit:

151 1145 327 1206 nihilo
357 1148 589 1223 segnius
617 1163 729 1224 ego
760 1148 1004 1207 intentus
1032 1150 1088 1207 in
1117 1147 1336 1208 librum.
1396 1146 1511 1208 lam
1541 1147 1679 1206 hora
1707 1145 1819 1205 diei
1850 1148 2049 1224 prima,
2082 1157 2189 1216 et6

150 1228 337 1290 adhuc
378 1230 576 1290 dubius
618 1240 676 1289 et
718 1232 876 1310 quasi
918 1231 1211 1309 languidus
1245 1232 1384 1291 dies.
1450 1231 1562 1291 Iam
1596 1231 1869 1309 quassatis
1901 1232 2138 1291 circum-

150 1314 467 1374 iacentibus
507 1316 707 1390 tectis,
741 1333 1067 1393 quamquam
1107 1318 1162 1376 in
1204 1325 1405 1394 aperto
1446 1316 1613 1392 loco,
1659 1324 1896 1391 angusto
1928 1324 2132 1391 tamen,

151 1416 388 1475 magnus
416 1406 474 1457 et
501 1406 689 1459 certus
718 1400 911 1459 ruinae
940 1408 1140 1460 metus.
1187 1400 1327 1459 Tum
1361 1399 1581 1459 demum
1612 1399 1894 1458 excedere
1925 1398 2137 1477 oppido
2158 1411 2189 1466 7

79 1484 137 1538 15
152 1483 365 1541 visum:
407 1484 663 1560 sequitur
699 1481 903 1560 vulgus
944 1487 1264 1560 attonitum,
1311 1484 1575 1562 quodque
1617 1485 1670 1541 in
1709 1500 1921 1560 pavore
1953 1481 2137 1544 simile

148 1566 516 1644 prudentiae,
547 1565 786 1625 alienum
820 1568 1114 1627 consilium
1144 1584 1248 1627 suo
1279 1568 1529 1645 praefert
1556 1569 1885 1643 ingentique
1914 1568 2136 1644 agmine

25 1693 26 1698 η
114 1650 406 1710 ‘abeuntis
435 1651 639 1727 premit
679 1660 736 1711 et
777 1650 1010 1729 inpellit.
1076 1650 1314 1728 Egressi
1342 1660 1493 1711 tecta
1525 1651 1900 1711 consistimus.
1965 1650 2189 1718 Multae

149 1734 227 1793 ibi
265 1733 549 1810 miranda,
595 1734 793 1794 multas
836 1734 1159 1795 formidines
1203 1736 1458 1812 patimur.
1523 1733 1663 1793 Nam
1701 1733 1959 1793 vehicula
1991 1751 2135 1812 quae

150 1818 389 1894 produci
417 1819 786 1895 iusseramus,
832 1836 1159 1897 quamquam
1188 1820 1244 1877 in
1273 1818 1596 1896 planissimo
1629 1833 1862 1893 campo,
1914 1818 1968 1876 in
2001 1835 2136 1876 con-

76 1895 352 1965 20trarias
384 1911 573 1981 partes
605 1903 914 1980 agebantur
941 1920 1008 1962 ac
1037 1920 1108 1962 ne
1137 1901 1413 1982 lapidibus
1443 1902 1665 1981 quidem
1693 1898 1830 1960 fulta
1859 1901 1914 1959 in
1936 1899 2137 1960 eodem

149 1987 398 2063 vestigio
440 1988 824 2065 quiescebant.
882 1986 1178 2047 Praeterea
1219 2004 1371 2047 mare
1412 1988 1468 2046 in
1510 2004 1575 2046 se
1613 1985 1896 2046 resorberi
1938 1994 1996 2044 et
2025 1994 2190 2055 tre-9

148 2087 310 2130 more
342 2080 528 2130 terrae
568 2073 726 2149 quasi
765 2070 971 2151 repelli
1000 2070 1345 2134 videbamus.
1413 2068 1584 2130 Certe
1614 2077 1976 2148 processerat
2005 2067 2135 2128 litus
2202 2104 2211 2119 ·

148 2154 437 2232 multaque
479 2155 728 2215 animalia
771 2157 935 2216 maris
978 2156 1150 2215 siccis
1195 2155 1421 2215 harenis
1462 2153 1764 2214 detinebat.
1828 2152 1917 2211 Ab
1958 2151 2135 2212 altero

149 2236 331 2298 latere
370 2238 549 2298 nubes
590 2247 705 2299 atra
749 2247 807 2298 et
845 2238 1120 2299 horrenda
1163 2240 1316 2316 ignei
1346 2242 1572 2319 spiritus
1602 2240 1764 2297 tortis
1793 2237 2136 2314 vibratisque

76 2321 502 2381 25discursibus
555 2332 717 2402 rupta
781 2324 835 2381 in
890 2323 1088 2400 longas
1142 2323 1477 2382 flammarum
1526 2324 1734 2399 figuras
1778 2320 2136 2380 dehiscebat:

29 2416 38 2425 “
149 2405 471 2484 fulguribus
508 2406 637 2466 illae
675 2416 732 2466 et
770 2407 982 2468 similes
1025 2415 1083 2466 et
1124 2408 1372 2467 maiores
1417 2417 1589 2467 erant.
1653 2404 1791 2464 Tum
1820 2422 1959 2464 vero
1990 2404 2137 2463 idem
2159 2417 2223 2467 10

148 2489 250 2549 ille
296 2508 371 2549 ex
408 2488 672 2569 Hispania
714 2492 923 2550 amicus
965 2491 1150 2551 acrius
1192 2502 1251 2551 et
1287 2492 1577 2553 instantius
1621 2490 1694 2550 ‘si
1735 2489 1930 2548 frater'
1962 2488 2140 2565 inquit

150 2579 328 2651 ‘tuus,
362 2583 489 2633 tuus
520 2574 827 2634 avunculus
855 2576 1014 2652 vivit,
1046 2574 1167 2635 vult
1195 2594 1328 2634 esse
1357 2591 1464 2634 vos
1494 2574 1715 2635 salvos:
1747 2574 1795 2632 si
1824 2573 2012 2649 periit,
2046 2589 2138 2630 su·

30 2722 35 2739 .
149 2660 424 2737 perstites
466 2657 671 2718 voluit:
726 2658 960 2737 proinde
1003 2659 1134 2737 quid
1176 2661 1415 2720 cessatis
1458 2654 1777 2717 evadere?'
1823 2654 2139 2734 Respondi-

76 2748 274 2803 3omus
317 2759 430 2800 non
473 2745 872 2802 commissuros
914 2759 1019 2804 nos
1059 2751 1119 2802 ut
1161 2741 1231 2802 de
1278 2741 1455 2802 salute
1494 2741 1645 2801 illius
1686 2741 1887 2799 incerti
1912 2747 2139 2798 nostrae

150 2825 598 2886 consuleremus.
662 2825 788 2886 Non
818 2837 1059 2887 moratus
1101 2825 1246 2885 ultra
1277 2827 1515 2906 proripit
1547 2844 1612 2885 se
1644 2824 1939 2898 effusoque
1972 2839 2138 2881 cursu
2159 2837 2220 2888 11

149 2906 411 2987 periculo
454 2909 718 2969 aufertur.
782 2909 906 2971 Nec
949 2910 1121 2970 multo
1162 2920 1297 2988 post
1339 2909 1432 2968 illa
1467 2907 1646 2968 nubes
1690 2904 2043 2965 descendere
2084 2907 2142 2964 in

33 2986 40 3001 '
149 3003 354 3070 terras,
389 2995 614 3070 operire
645 2997 839 3053 maria:
868 2996 1118 3054 cinxerat
1142 2991 1390 3073 Capreas
1422 3001 1480 3052 et
1508 2989 1911 3051 absconderat:
1939 2988 2141 3049 Miseni

151 3078 306 3157 quod
335 3079 616 3155 procurrit
644 3077 969 3138 abstulerat.
1036 3076 1174 3136 Tum
1213 3086 1393 3136 mater
1420 3093 1615 3152 orare,
1659 3075 1902 3150 hortari,
1941 3074 2139 3133 iubere
2162 3084 2225 3138 12

76 3173 390 3240 35quoquo
431 3159 599 3222 modo
640 3162 925 3238 fugerem:
971 3178 1152 3240 posse
1193 3163 1340 3219 enim
1378 3162 1669 3235 iuvenem,
1714 3176 1778 3217 se
1809 3166 1869 3217 et
1900 3160 2056 3217 annis
2085 3167 2143 3218 et

152 3263 403 3325 corpore
437 3262 667 3321 gravem
697 3247 842 3306 bene
873 3248 1224 3321 morituram,
1270 3246 1317 3305 si
1347 3243 1477 3302 mihi
1504 3261 1670 3303 causa
1697 3243 1889 3302 mortis
1920 3259 2031 3302 non
2059 3241 2142 3299 fu·

35 3306 40 3409 ᾗ
148 3330 316 3390 isset.
363 3327 492 3405 Ego
524 3339 748 3407 contra,
794 3329 1007 3389 salvum
1034 3346 1123 3388 me
1151 3329 1258 3387 nisi
1288 3344 1395 3386 una
1418 3344 1532 3386 non
1562 3326 1833 3386 futurum:
1876 3324 2003 3386 dein
2031 3342 2142 3382 ma-

37 3434 38 3437 ’
150 3430 283 3477 num
316 3414 443 3474 eius
465 3412 795 3493 amplexus,
837 3413 1046 3473 addere
1075 3411 1308 3490 gradum
1340 3427 1506 3488 cogo.
1572 3410 1736 3472 Paret
1773 3427 1944 3488 aegre
1987 3408 2140 3467 incu-

37 3540 40 3669 ι

39 3738 44 3825 l
