2467 3850
312 187 437 252 102
1140 186 1208 249 C.
1247 186 1442 248 PLINI

306 351 435 401 runt
462 356 656 400 omnes
687 350 915 419 praeter
942 338 1172 400 Fabium
1200 340 1434 418 Aprum.
1473 338 1531 399 Is
1559 336 2086 399 interdicendum‘ei
2118 336 2294 400 advo-

310 423 621 486 cationibus
644 423 700 483 in
722 424 1155 502 quinquennium
1182 427 1423 503 censuit,
1447 433 1504 484 et
1526 423 1775 501 quamvis
1797 423 2072 482 neminem
2095 434 2293 485 aucto-

305 510 468 569 ritate
503 506 785 584 traxisset,
821 516 1142 568 constanter
1161 509 1218 568 in
1242 508 1517 570 sententia
1537 507 1763 567 mansit:
1796 507 1929 586 quin
1951 508 2115 566 etiam
2135 506 2292 566 Dex-

307 600 484 667 trum,
532 592 626 670 qui
656 593 867 669 primus
897 590 1175 652 diversum
1205 600 1537 667 censuerat,
1568 590 1783 672 prolata
1815 589 1948 667 lege
1983 590 2053 650 de
2088 600 2293 650 senatu

258 674 568 735 (illabendo
595 676 777 734 iurare
800 676 993 752 coe'git
1020 694 1053 735 e
1082 693 1145 735 re
1177 674 1405 754 publica
1435 692 1568 735 esse
1600 672 1750 753 qnod
1779 674 2115 733 censuisset.
2187 671 2345 735 Cui5

309 775 640 838 quamquam
667 756 950 835 legitimae
979 758 1343 836 postulationi
1365 777 1398 818 a
1427 757 1758 836 quibusdam
1784 756 2145 818 reclamatum
2176 767 2291 818 est.

306 841 668 921 Exprobrare
704 843 851 900 enim
893 844 1148 902 censenti
1191 842 1548 903 ambitionem
1587 840 1896 901 videbatur.
1973 840 2088 900 Sed
2125 842 2289 920 prius

309 943 474 1005 quam
502 927 812 986 sententiae
844 922 1185 1003 dicerentur,
1230 925 1520 1003 NigrinuS,
1546 925 1802 986 tribunus
1829 923 2051 1004 plebis,
2085 926 2293 985 recita·

307 1011 387 1070 vit
417 1007 671 1068 libellum
699 1008 965 1069 disertum
998 1020 1055 1070 et
1086 1027 1336 1087 gravem,
1371 1027 1482 1088 quo
1512 1018 1747 1087 questus
1777 1018 1866 1068 est
1893 1010 2086 1069 venire
2114 1008 2291 1069 advo-

309 1094 597 1170 cationes,
640 1095 833 1152 venire
864 1094 1029 1153 etiam
1054 1095 1594 1172 praevaricationes,
1626 1094 1683 1152 in
1710 1092 1840 1153 lites
1874 1094 2044 1168 coiri,
2075 1101 2133 1152 et
2163 1092 2292 1171 glo·
2310 1106 2374 1158 10

262 1181 295 1237 7
310 1176 424 1236 riae
457 1175 589 1236 loco
617 1178 750 1254 poni
778 1194 852 1235 ex
878 1175 1079 1255 spoliis
1109 1178 1312 1237 civium
1340 1193 1573 1254 magnos
1601 1185 1659 1236 et
1691 1185 1868 1237 statos
1896 1176 2128 1236 reditus.
2173 1176 2291 1237 Re-

312 1261 501 1320 citavit
543 1262 723 1339 capita
762 1258 984 1337 legum,
1030 1260 1309 1328 admonuit
1351 1270 1578 1321 senatus
1622 1258 2031 1320 consultorum:
2079 1261 2135 1319 in
2178 1261 2291 1320 fine

312 1344 446 1403 dixit
472 1342 775 1422 petendum
805 1344 873 1404 ab
906 1345 1117 1421 optimo
1147 1345 1404 1424 principe
1428 1354 1510 1422 ut,
1541 1345 1668 1423 quia
1688 1342 1877 1421 leges,
1903 1345 2037 1423 quia·
2057 1353 2290 1404 senatus

261 1425 570 1487 Sconsulta
601 1436 1121 1503 contemnerentur,
1162 1430 1289 1506 ipse
1330 1429 1494 1488 tantis
1536 1429 1685 1489 vitiis
1712 1426 2053 1487 mederetur.
2114 1426 2290 1487 Pauci

312 1509 467 1588 dies,
521 1520 578 1570 et
620 1509 765 1570 liber
798 1512 1063 1589 principis
1112 1529 1352 1571 severus
1388 1520 1447 1570 et
1482 1521 1666 1571 tamen
1703 1510 2055 1571 moderatus:
2117 1510 2286 1588 leges
2309 1516 2377 1568 15

311 1595 523 1671 ipsum;
549 1603 637 1654 est
661 1593 716 1652 in
739 1593 980 1673 publicis
1000 1595 1158 1655 actis.
1193 1594 1371 1666 Quam
1393 1612 1481 1654 me
1504 1596 1652 1655 iuvat
1671 1594 1822 1673 quod
1838 1596 1894 1653 in
1912 1596 2095 1656 causis
2113 1613 2290 1672 agen-

316 1678 401 1737 dis
439 1694 552 1737 non
583 1676 750 1739 modo
782 1680 1043 1755 pactione
1073 1678 1218 1738 dono
1257 1696 1488 1738 munere
1517 1695 1712 1738 verum
1740 1679 1906 1738 etiam
1931 1680 2109 1738 xeniis
2137 1696 2290 1739 sem·

265 1764 418 1839 9per
456 1760 721 1821 abstinui!
767 1760 1004 1840 Oportet
1034 1763 1258 1839 quidem
1298 1779 1443 1839 quae
1487 1771 1615 1823 sunt
1652 1762 1946 1822 inhonesta
1984 1780 2097 1821 non
2126 1762 2292 1841 quasi

315 1844 520 1904 inlicita
558 1844 662 1905 sed
694 1847 851 1924 quasi
883 1846 1141 1926 pudenda
1170 1848 1381 1906 vitare:
1433 1845 1729 1906 iucundum
1769 1856 1984 1924 tamen,
2023 1848 2069 1907 si
2097 1845 2291 1926 prohi-

230 1933 299 1984 10
313 1930 436 1989 beri
478 1929 708 2008 publice
747 1928 940 1989 videas
983 1932 1132 2007 quod
1165 1947 1460 2009 numquam
1485 1930 1587 1990 tibi
1613 1932 1739 2009 ipse
1768 1932 2112 2009 permiseris.
2165 1929 2380 1991 Erit20

310 2013 588 2090 fortasse,
633 2015 798 2072 immo
838 2031 949 2072 non
990 2013 1155 2072 dubie
1196 2014 1361 2074 huius
1400 2015 1676 2092 propositi
1712 2017 1822 2074 mei
1857 2024 1915 2074 et
1958 2015 2136 2074 minor
2163 2012 2291 2075 laus

311 2105 370 2156 et
404 2097 699 2156 obscurior
726 2095 890 2172 fama,
925 2113 1049 2154 cum
1078 2113 1272 2157 omnes
1299 2115 1371 2155 ex
1397 2098 1737 2158 necessitate
1766 2097 1972 2158 facient
1994 2097 2145 2175 quod
2173 2115 2293 2175 ego

311 2187 515 2256 sponte
537 2178 829 2238 faciebam.
870 2176 1095 2237 Interim
1116 2179 1276 2239 fruor
1295 2179 1607 2259 voluptate,
1633 2198 1758 2240 cum
1784 2180 1876 2241 alii
1906 2181 2145 2241 divinum
2172 2198 2290 2259 me,

312 2260 403 2401 allii
425 2262 566 2321 meis
598 2261 830 2400 rapirliis,
860 2278 1021 2321 meae
1048 2263 1309 2323 avaritiae
1338 2280 1634 2325 occursum
1655 2284 1761 2345 per
1788 2264 1976 2327 ludum
2004 2283 2070 2326 ac
2099 2266 2294 2325 iocum
2460 2300 2461 2311 κ

349 2343 579 2402 ictitant.
699 2361 730 2401 a
756 2363 808 2403 e.
2310 2350 2383 2404 25

1097 2478 1280 2539 xnn.
1327 2480 1493 2561 [va

877 2575 930 2627 G.
966 2577 1211 2630 PLINIUS
1245 2579 1478 2630 PONTIO
1515 2578 1635 2631 SUO
1672 2578 1723 2629 S.

261 2690 292 2740 1
433 2675 800 2739 Secesseram
835 2678 890 2738 in
928 2681 1318 2760 municipium,
1363 2700 1488 2742 cum
1526 2681 1658 2740 mihi
1700 2681 2000 2740 nuntiatum
2029 2689 2119 2739 est
2149 2677 2294 2740 Cor-

262 2771 501 2824 2nutum
531 2759 841 2821 Tertullum
869 2765 1169 2841 accepisse
1213 2766 1488 2826 Aemiliae
1527 2766 1653 2824 viae
1684 2782 1892 2824 curam.
1955 2762 2292 2842 Exprimere
2311 2771 2385 2825 30

308 2862 422 2904 non
449 2862 680 2922 possum
709 2856 915 2923 quanto
945 2849 1047 2906 sim
1089 2849 1295 2926 gaudio
1333 2849 1590 2909 adfectus
1623 2857 1679 2908 et
1708 2850 1887 2926 ipsius
1928 2856 1985 2906 et
2020 2865 2150 2907 meo
2189 2866 2296 2907 no-

309 2927 486 2995 mine;
515 2929 713 3007 ipsius,
747 2931 917 3007 quod,
948 2932 1019 2990 sit
1047 2932 1203 3009 licet,
1235 2934 1380 2993 sicut
1400 2941 1509 3008 est,
1538 2932 1606 2991 ab
1629 2933 1776 2990 omni
1799 2932 2094 2991 ambitione
2118 2930 2298 3009 longe

310 3019 578 3087 remotuS,
610 3012 780 3074 debet
811 3023 993 3073 tamen
1021 3017 1074 3074 ei
1096 3016 1369 3077 iucundus
1391 3016 1572 3075 honor
1592 3033 1725 3075 esse
1745 3014 1894 3073 ultro
1921 3013 2109 3081 datns;
2138 3032 2294 3092 meo,

313 3092 466 3170 quod
508 3094 785 3173 aliquanto
838 3099 1016 3173 magis
1060 3116 1149 3158 me
1193 3099 1439 3160 delectat
1488 3098 1796 3161 mandatum
1836 3098 1970 3157 mihi
2021 3098 2294 3174 officium,

260 3183 294 3236 3
313 3186 608 3255 postquam
636 3198 737 3258 par
768 3177 1016 3240 Cornuto
1039 3181 1225 3241 datum
1257 3183 1444 3246 video.
1482 3181 1684 3260 Neque
1714 3183 1860 3241 enim
1891 3180 2084 3256 augeri
2113 3181 2382 3257 digni-35

314 3267 427 3319 tate
459 3279 621 3338 quam
652 3265 876 3339 aequari
909 3265 1070 3324 bonis
1102 3268 1335 3341 gratius.
1397 3264 1646 3325 Cornuto
1675 3274 1858 3325 autem
1889 3265 2020 3342 quid
2047 3262 2296 3325 melius?

316 3341 448 3421 quid
490 3342 776 3403 sanctius?
819 3345 949 3422 quid
989 3348 1045 3406 in
1088 3350 1233 3407 omni
1266 3367 1480 3425 genere
1509 3349 1687 3409 landis
1711 3347 1780 3407 ad
1808 3347 2127 3424 exemplum
2156 3349 2298 3408 anti-

318 3425 541 3504 quitatis
587 3426 957 3503 expressius‘?
1002 3430 1152 3506 quod
1189 3431 1322 3490 mihi
1364 3434 1647 3509 cognitum
1694 3440 1784 3493 est
1820 3448 1934 3491 non
1965 3432 2142 3509 fama,
2184 3450 2299 3512 qua

95 3736 414 3820 fx
