2467 3850
780 191 1296 256 EPISTULARUM
1324 192 1422 253 111.
1465 202 1516 257 9.
2064 193 2148 258 55

159 356 518 428 praesentem
548 346 882 425 perducere.
949 345 1125 406 Dices
1157 350 1294 407 ‘non
1322 346 1425 406 fuit
1465 345 1629 406 tanti:
1677 346 1809 424 quid
1838 345 1984 405 enim
2012 346 2228 408 mihim

161 451 285 491 cum
329 441 441 491 tam
493 430 665 508 longa
718 428 1037 507 epistula?'
1091 428 1284 490 Nolito
1340 447 1480 507 ergo
1530 429 1833 489 identidem
1874 446 2145 507 quaerere

162 516 293 594 quid
332 515 549 574 Romae
591 524 839 591 geratur.
898 512 974 574 Et
1013 523 1196 574 tamen
1234 523 1517 573 memento
1544 531 1654 573 non
1686 531 1818 573 esse
1849 511 2145 591 epistulam

163 599 386 676 longam
415 616 562 677 quae
591 605 673 658 tot
702 599 859 674 dies,
904 606 987 657 tot
1032 598 1418 674 cognitioneS,
1459 606 1544 656 tot
1585 596 1827 676 denique
1855 613 1986 656 reos
2017 615 2145 658 cau·

112 695 372 760 5sasque
400 681 699 761 complexa
729 684 817 742 sit.
889 681 1049 754 Quae
1077 682 1259 741 omnia
1286 680 1484 741 videor
1510 681 1641 740 mihi
1668 698 1781 740 non
1811 681 1988 740 minus
2017 681 2143 740 bre·
2161 691 2234 743 28

161 769 309 826 viter
354 783 516 845 quam
560 765 859 842 diligenter
897 775 1258 845 persecutus.
1335 763 1572 825 Temere
1613 764 1724 824 dixi
1768 763 2144 842 ‘diligenter'z

162 852 442 910 succurrit
471 849 622 928 quod
651 851 1082 929 praeterieram,
1128 858 1186 908 et
1215 848 1439 927 quidem
1471 865 1636 924 sero,
1684 849 1786 908 sed
1820 866 2148 926 quamquam

162 941 567 1013 praepostere,
622 932 903 993 reddetur.
975 931 1133 992 Facit
1182 933 1294 992 hoc
1342 931 1621 994 Homerus
1673 931 1945 1011 multique
1994 931 2145 991 illius

164 1016 467 1095 exemplo,
512 1025 602 1076 est
647 1015 855 1095 alioqui
886 1035 922 1096 p
962 1017 1292 1094 rdecorum,
1333 1035 1365 1076 a
1393 1035 1484 1075 me
1515 1023 1697 1075 tamen
1727 1033 1839 1075 non
1870 1016 2000 1075 ideo
2031 1017 2142 1075 tiet.

85 1100 211 1162 1οΕ
254 1101 495 1160 testibus
537 1100 756 1179 quidam
796 1101 918 1160 sive
959 1102 1164 1178 iratus,
1210 1099 1363 1180 qnod
1404 1110 1674 1159 evocatus
1717 1109 1872 1159 esset
1917 1101 2141 1176 invitus,
2161 1111 2228 1164 29

162 1186 287 1243 sive
317 1183 649 1243 subornatus
679 1184 749 1244 ab
779 1184 966 1262 aliquo
995 1202 1241 1261 reorum,
1273 1192 1334 1242 ut
1363 1185 1778 1243 accusationem
1808 1195 2143 1262 exarmaret,

161 1267 484 1328 Norbanum
513 1267 867 1342 Licinianum,
899 1267 1143 1346 legatum
1172 1278 1231 1328 et
1258 1268 1675 1346 inquisitorem,
1709 1286 1867 1327 reum
1894 1266 2147 1347 postula-

161 1353 263 1429 vit,
297 1361 570 1429 tamquam
599 1353 654 1411 in
686 1370 854 1412 causa
884 1349 1086 1412 Castae
1116 1353 1291 1431 (uxor
1319 1351 1460 1411 haec
1491 1350 1762 1430 Classici)
1794 1353 2145 1429 praevarica-

161 1445 334 1495 retur.
377 1433 482 1493 Est
526 1435 662 1512 lege
693 1443 912 1495 cautum
952 1444 1012 1494 ut
1038 1454 1170 1495 reus
1203 1445 1334 1495 ante
1364 1445 1685 1515 peragatur,
1718 1444 1849 1495 tunc
1880 1435 1953 1495 de
1980 1453 2143 1515 prae·
2158 1445 2230 1499 30

86 1535 145 1584 15
164 1521 478 1578 varicatore
520 1528 849 1597 quaeratur,
903 1519 1173 1579 videlicet
1223 1523 1350 1597 quia
1395 1522 1605 1598 optime
1657 1537 1731 1578 ex
1782 1520 2143 1580 accusatione

164 1606 288 1680 ipsa
316 1605 659 1662 accusatoris
691 1603 833 1662 fides
863 1605 1202 1664 aestimatur.
1243 1602 1507 1662 Norbano
1536 1614 1721 1663 tamen
1748 1619 1861 1663 non
1890 1603 2030 1663 ordo
2060 1603 2141 1663 le·
2158 1613 2225 1667 31

157 1689 271 1764 gis,
304 1703 417 1747 non
447 1684 618 1763 legati
648 1703 872 1764 nomen,
903 1704 1014 1746 non
1036 1688 1407 1765 inquisitionis
1432 1686 1679 1746 officium
1701 1687 1984 1764 praesidio
2009 1686 2140 1746 fuit:

159 1779 310 1830 tanta
341 1769 702 1847 conflagravit
730 1771 929 1831 invidia
959 1770 1126 1830 homo
1165 1769 1374 1848 alioqui
1418 1769 1728 1847 flagitiosus
1760 1778 1817 1830 et
1844 1769 2143 1830 Domitiani

159 1853 507 1931 temporibus
552 1872 686 1912 usus
726 1862 784 1914 ut
823 1853 1012 1931 multi,
1058 1852 1394 1933 electusque
1424 1864 1555 1913 tunc
1585 1872 1618 1913 a
1646 1854 1934 1932 provincia
1961 1853 2032 1912 ad
2061 1856 2141 1912 in·

79 1937 526 2017 {toquirendum‚
557 1956 671 1999 non
700 1948 972 2017 tamquam
1002 1939 1183 1999 bonus
1215 1947 1275 1997 et
1302 1938 1514 2013 fidelis,
1547 1937 1651 1997 sed
1680 1947 1954 2016 tamquam
1984 1936 2141 1997 Clas-

159 2024 264 2081 sici
294 2023 566 2081 inimicus.
603 2021 742 2082 Erat
769 2023 838 2083 ab
866 2022 966 2082 illo
995 2021 1301 2100 relegatus.
1346 2021 1479 2082 Dari
1511 2023 1617 2082 sibi
1646 2021 1794 2081 diem
1826 2029 1884 2080 et
1913 2019 2004 2080 edi
2033 2022 2139 2079 cri·
2156 2029 2225 2083 32

157 2109 303 2165 mina
345 2106 695 2185 postulabat:
746 2116 1003 2166 neutrum
1043 2109 1390 2185 impetravit,
1435 2115 1667 2167 coactus
1711 2112 1800 2165 est
1840 2105 2022 2165 statim
2050 2123 2140 2164 re·

158 2188 475 2267 spondere;
516 2189 841 2269 respondit,
875 2189 1077 2251 malum
1107 2208 1449 2269 pravumque
1482 2192 1766 2267 ingenium
1795 2190 2031 2249 hominis
2062 2189 2140 2248 fa·

159 2276 238 2332 cit
277 2282 340 2332 ut
381 2273 630 2334 dubitem
673 2275 1020 2335 confidenter
1058 2293 1126 2334 an
1170 2281 1525 2351 constanter,
1570 2283 1729 2334 certe
1768 2274 2139 2353 paratissime.

77 2369 141 2421 25
161 2356 556 2417 Obiectasunt
596 2356 766 2419 multa
794 2376 937 2436 quae
967 2360 1144 2436 magis
1174 2376 1339 2435 quam
1368 2360 1769 2437 praevaricatio
1798 2364 2226 2418 nocueruntzss3

159 2443 292 2519 quin
340 2443 506 2500 etiam
548 2441 658 2501 duo
699 2440 1062 2519 consulares,
1109 2442 1450 2520 Pomponius
1481 2440 1660 2501 Rufus
1693 2448 1751 2500 et
1778 2441 1916 2502 Libo
1947 2440 2137 2518 Frugi,

158 2523 448 2584 laeserunt
480 2543 607 2583 eum
640 2527 991 2602 testimoniO,
1034 2536 1310 2604 tamquam
1346 2525 1494 2605 apud
1535 2525 1777 2585 iudicem
1817 2526 1921 2584 sub
1950 2524 2140 2585 Domi-

157 2610 308 2668 tiano
340 2607 495 2670 Salvi
525 2607 796 2669 Liberalis
836 2611 1260 2670 accusatoribus
1303 2611 1591 2669 adfuisset.
1651 2608 1954 2669 Damnatus
1986 2617 2044 2668 et
2084 2610 2226 2669 in34

154 2692 396 2752 insulam
439 2692 726 2770 relegatus
769 2702 872 2753 est.
942 2693 1137 2770 Itaque
1178 2710 1306 2752 cum
1347 2692 1571 2753 Castam
1601 2709 1959 2768 accusarem,
2004 2690 2139 2751 nihil

73 2778 336 2853 30magis
380 2779 565 2855 pressi
609 2795 770 2855 quam
812 2777 961 2855 quod
1002 2787 1300 2837 accusator
1339 2780 1460 2836 eius
1500 2777 1989 2856 praevaricationis
2033 2777 2140 2836 cri·

156 2862 304 2918 mine
355 2861 677 2921 corruisset.
743 2860 934 2921 Pressi
971 2871 1154 2921 tamen
1186 2862 1420 2921 frustra:
1471 2861 1675 2920 accidit
1702 2861 1848 2919 enim
1877 2876 1971 2919 res
2005 2875 2138 2918 con-

154 2945 322 3004 traria
353 2952 413 3003 et
441 2960 616 3021 nova,
660 2953 719 3003 ut
746 2955 1079 3005 accusatore
1110 2941 1601 3023 praevaricationis
1633 2945 1884 3004 damnato
1914 2961 2013 3004 rea
2042 2941 2139 3002 ab·

155 3027 497 3087 solveretur.
545 3027 784 3100 Quaeris
815 3028 948 3107 quid
977 3046 1102 3106 nos,
1135 3027 1264 3086 dum
1291 3028 1434 3087 haec
1464 3023 1741 3105 aguntur?
1770 3027 2137 3087 Indicavimus
2155 3030 2222 3084 35

154 3111 376 3170 senatui
419 3129 491 3170 ex
522 3111 783 3172 Norbano
816 3112 1081 3173 didicisse
1122 3129 1226 3172 nos
1269 3110 1551 3190 publicam
1582 3129 1803 3173 causam
1832 3128 2140 3188 rursusque

70 3194 373 3256 35debere
417 3212 492 3254 ex
534 3199 756 3273 integro
799 3195 1055 3274 discere,
1100 3198 1147 3255 si
1188 3195 1289 3254 ille
1330 3196 1744 3272 praevaricator
1781 3196 2138 3274 probaretur,

153 3277 337 3356 adque
382 3280 489 3352 ita,
530 3279 659 3339 dum
689 3279 787 3338 ille
818 3283 1103 3358 peragitur
1127 3296 1280 3357 reus,
1313 3277 1587 3339 sedimus:
1618 3287 1818 3357 postea
1846 3278 2140 3338 Norbanus

153 3364 413 3423 omnibus
446 3363 646 3425 diebus
689 3365 1028 3441 cognitionis
1069 3362 1315 3422 interfuit
1358 3361 1700 3440 eandemque
1729 3381 1909 3441 usque
1939 3360 2009 3421 ad
2041 3379 2136 3420 ex-

151 3455 390 3505 tremum
421 3448 516 3509 vel
547 3450 910 3511 constantiam
939 3447 1034 3508 vel
1063 3446 1356 3506 audaciam
1385 3445 1628 3525 pertulit.
1680 3445 1975 3524 Interrogo
2008 3446 2133 3522 ipse
2151 3450 2218 3503 36
