2467 3850
314 169 438 234 190
1144 169 1447 232 C.PL1NI
1475 184 1480 187 ’

310 341 469 421 κας,
508 311 1026 421 Ἀριστόγειτον,
1073 322 1328 402 μαλλον
1361 313 1427 383 δ’
1478 313 1815 402 ἀνῄρηκας
1848 312 2038 393 ὅλως.
2086 313 2175 401 μὴ
2212 312 2297 401 δὴ

309 396 481 484 πρὸς
504 424 623 478 ov9
663 396 863 479 αὐτὸς
898 404 1143 504 ἔχωσας
1188 403 1459 485 λιμένας
1492 386 1601 467 καὶ
1634 398 2008 504 προβόλων
2028 396 2297 505 ἐνέπλη-

310 503 460 587 σας,
505 482 672 568 πρὸς
704 482 984 561 τούτους
996 482 1321 588 ὁρμίζου,
1366 499 1423 550 et
1454 489 1669 550 dixerat
1702 482 1917 573 τούτῳ
1944 479 2008 549 δ’
2047 480 2299 550 οὐδένα

307 563 450 652 ὁρῶ
470 591 607 632 των
627 564 853 633 τόπων
889 565 1146 633 τούτων
1170 565 1507 653 βάσιμον’
1484 565 1677 651 όντα,
1702 551 1889 634 ἀλλὰ
1895 565 2111 633 πάντα
2135 564 2297 634 ἀπό·

306 675 590 758 κρημνα,
615 648 981 754 φάραγγας,
1006 650 1338 755 βάραθρα.
1376 656 1451 717 Et
1479 658 1752 736 deinceps
1782 654 2051 718 δέδοικα
2074 649 2162 754 μὴ
2186 647 2295 717 δό-
2314 671 2348 723 5

306 736 460 837 ξητέ
490 752 620 799 τισι
653 734 772 800 τὸν
804 732 905 799 αεὶ
938 732 1359 821 βουλόμενον
1394 732 1562 802 εἶναι
1598 733 1898 839 πονηρὸν
1932 760 2068 800 των
2102 729 2180 800 ἐν
2214 740 2298 821 τῇ

307 815 496 884 πόλει
520 820 1006 921 παιδοτριβεῖν,
1041 842 1151 885 nec
1193 827 1329 885 satis
1373 816 1531 885 οὐδὲ
1561 844 1686 923 γαρ
1722 817 1878 896 τούς
1914 815 2297 902 προγόνους

307 897 760 1006 υπολαμβοῖνω
803 897 885 966 τὰ
929 869 1322 1007 δικαστήρια
1372 908 1579 969 ταῦτα
1626 902 1788 987 ὑμῖν
1835 905 2292 1009 οἰκοδομῆσαι,

304 988 417 1051 ἵνα
438 982 595 1060 τούς
615 981 961 1064 τοιούτους
985 982 1061 1052 ἐν
1083 983 1309 1063 αὐτοῖς
1332 985 1716 1091 μοσχεύητε,
1742 992 1811 1052 ad
1840 987 1951 1051 hoc
1985 989 2045 1051 εἰ
2076 986 2147 1050 δὲ
2178 982 2291 1049 κα-

303 1067 514 1153 πηλός
549 1064 686 1135 ἐστι
723 1074 1043 1152 πονηρίας
1076 1069 1185 1135 καὶ
1219 1068 1712 1155 παλιγκάπηλος
1744 1070 1852 1135 καὶ
1887 1065 2290 1171 μεταβολεύς
2311 1085 2376 1135 10
2465 1090 2466 1117 ι

305 1168 364 1218 et
391 1158 544 1217 mille
571 1157 722 1234 talia,
751 1166 811 1216 ut
836 1167 1186 1236 praeteream
1215 1177 1359 1237 quae
1389 1159 1459 1218 ab
1488 1160 1777 1220 Aeschine
1809 1150 2141 1236 θαύματα,
2176 1175 2289 1216 ηοιι

222 1256 291 1308 10
307 1233 559 1322 ῥήματα
601 1251 888 1301 vocantur.
952 1243 1014 1302 In
1051 1244 1385 1302 contrarium
1426 1243 1625 1303 incidi:
1670 1244 1828 1303 dices
1869 1242 2017 1300 hunc
2060 1257 2291 1318 quoque

306 1325 381 1385 ob
416 1330 522 1387 ista
559 1325 785 1403 culpari.
850 1324 965 1385 Sed
994 1325 1122 1385 vide
1166 1333 1372 1403 quanto
1403 1329 1579 1386 maior
1621 1329 1694 1386 sit
1727 1329 1819 1405 qui
1854 1324 2292 1423 reprehenditur
2463 1290 2466 1447 4

301 1412 430 1488 ipso
470 1408 953 1488 reprehendente,
1008 1420 1064 1469 et
1096 1413 1271 1469 maior
1310 1410 1383 1470 ob
1412 1410 1572 1469 haec.
1639 1411 1700 1470 ln
1731 1408 1876 1472 aliis
1883 1411 2029 1468 enim
2060 1410 2177 1484 viS,
2231 1410 2290 1466 in

220 1507 286 1559 11
302 1494 390 1554 his
420 1493 702 1570 granditas
733 1495 854 1553 eius
886 1493 1095 1554 elucet.
1133 1492 1279 1552 Num
1305 1503 1490 1553 autem
1516 1493 1831 1554 Aeschines
1868 1496 1994 1591 ipse
2023 1492 2112 1551 his
2142 1510 2287 1570 quae
2307 1493 2370 1545 15

303 1580 358 1637 in
392 1577 776 1640 Demosthene
817 1577 1110 1681 carpebat
1112 1574 1420 1637 abstinuit?
1471 1575 1577 1638 δεῖ
1604 1595 1729 1656 γαρ
1765 1567 1966 1636 ταύτὸ
2004 1572 2287 1653 φθέγγε-

302 1665 464 1722 σθαι
488 1655 607 1722 τόν
605 1652 875 1763 ῥήτορα
909 1656 1018 1720 καὶ
1044 1652 1163 1720 τὸν
1185 1653 1427 1760 νόμον·
1467 1652 1629 1720 ὅταν
1654 1655 1779 1722 δὲ
1752 1657 1980 1738 ετέραν
2004 1650 2126 1737 μὲν
2152 1678 2288 1737 ‹pm-
2465 1660 2466 1709 l

299 1737 432 1843 νὴν
465 1737 632 1825 ἀφιῇ
665 1737 700 1805 6
741 1740 945 1822 νόμος
981 1739 1211 1842 ἑτέραν
1248 1735 1386 1805 fft‘
1357 1764 1392 1804 ο
1431 1736 1671 1824 ρήτωρ.
1725 1744 1857 1804 ΑΙίο
1897 1743 2031 1803 loco
2064 1740 2288 1802 ἔπειτα
2465 1726 2466 1755 ’

302 1819 737 1928 ἀναφαίνεται
772 1848 850 1889 πε
899 1824 921 1888 ὶ
956 1846 1226 1889 παντων
1263 1819 1339 1888 ἐν
1371 1829 1463 1928 τῷ
1497 1828 1693 1927 φωτί.
1730 1826 1940 1888 Iterum
1978 1826 2087 1886 alio
2130 1816 2282 1886 ἀλλ’

303 1902 750 2015 ἐγκαθημενοι
786 1847 960 1974 καῖ’
921 1889 1463 2012 ένεδρεύοντες’
1436 1933 1509 1973 εν
1527 1911 1622 2010 τῇ
1657 1902 1971 1992 ακροοῖσει
1996 1903 2284 1971 εἰσελαύ-
2302 1916 2370 1970 20

300 2016 448 2057 νετε
478 2016 687 2056 αυτον
711 1994 801 2068 εἰς
823 1988 981 2066 τοὺς
1004 1988 1431 2095 παρανόμους
1461 1988 1721 2073 λόγους.
1782 1995 1950 2069 Quod
1983 1995 2124 2054 adeo
2154 2011 2285 2090 pro

218 2089 284 2143 12
301 2080 453 2139 bavit
482 2090 541 2140 ut
570 2089 791 2177 repetat
820 2070 968 2140 ἀλλ’
1008 2072 1230 2177 ω’σπερ
1270 2070 1343 2141 ἒν
1371 2088 1510 2152 ταῖς
1541 2078 2006 2177 ιπποδρομίαις
2041 2077 2130 2149 εἰς
2164 2068 2286 2138 τὸν

300 2164 423 2222 τοῦ
459 2155 838 2243 πράγματος
867 2154 1076 2223 αὐτὸν
1098 2156 1354 2263 δρόμον
1381 2154 1813 2225 εἰσελαύνετε.
1870 2164 1985 2223 Iam
2007 2161 2121 2221 illa
2131 2178 2284 2220 οοιιι-

299 2245 519 2305 modius
552 2248 920 2325 pressiusque
967 2238 1051 2306 σὺ
1088 2241 1160 2306 δὲ
1198 2243 1591 2345 ελκοποιεῖς,
1632 2236 1673 2325 ἢ
1712 2236 2157 2325 συλλαβόντες
2195 2236 2286 2316 ὡς

303 2320 555 2407 λῃστὴν
590 2330 726 2388 τῶν
761 2348 1164 2408 πραγματων
1198 2321 1310 2392 διὰ
1343 2331 1457 2410 τῆς
1490 2330 1819 2403 πολιτείας
1854 2326 2168 2407 πλέοντα,
2221 2337 2281 2387 et
2298 2342 2365 2393 25

218 2420 284 2473 13
302 2410 447 2472 alia?
476 2412 741 2490 Expecto
771 2422 832 2472 ut
860 2413 1127 2490 quaedam
1149 2433 1223 2473 ex
1240 2415 1345 2474 hac
1368 2414 1627 2493 epistula,
1659 2425 1717 2474 ut
1741 2413 1879 2474 illud
1904 2414 2280 2490 gubernacu-

299 2495 351 2556 la
380 2504 633 2574 gemunt'
679 2506 737 2557 et
779 2497 888 2556 ‘dis
915 2500 1080 2556 maris
1101 2501 1412 2576 proximus'
1429 2544 1447 2575 ,
1489 2498 1668 2557 isdem
1696 2502 1844 2558 notis
1876 2498 2080 2575 quibus
2114 2514 2182 2554 ea
2211 2494 2284 2554 de

298 2582 501 2659 quibus
534 2579 723 2640 scribo
755 2581 1063 2643 confodias.
1105 2581 1386 2659 Intellego
1414 2585 1558 2640 enim
1587 2599 1698 2658 me,
1731 2581 1859 2640 dum
1889 2583 2107 2640 veniam
2131 2581 2284 2657 prio-

294 2665 450 2726 ribus
485 2675 650 2745 peto,
679 2667 734 2725 in
758 2665 855 2725 illa
885 2668 1009 2743 ipsa
1037 2684 1180 2744 quae
1203 2666 1568 2725 adnotaveras
1596 2665 1882 2726 incidisse.
1942 2663 2059 2723 Sed
2086 2661 2281 2722 confo-

297 2749 414 2810 dias
444 2750 607 2826 licet,
661 2749 791 2808 dum
829 2750 995 2810 modo
1018 2752 1124 2809 iam
1151 2767 1297 2808 nunc
1329 2748 1579 2809 destines
1624 2747 1772 2808 diem
1809 2766 1920 2829 quo
1967 2757 2024 2807 et
2064 2746 2135 2806 de
2167 2745 2365 2818 illis30

295 2841 356 2892 et
397 2833 469 2893 de
507 2834 595 2894 his
640 2851 827 2893 coram
856 2836 1088 2910 exigere
1133 2835 1436 2912 possimus.
1498 2832 1612 2892 Aut
1651 2835 1797 2892 enim
1824 2842 1883 2892 tu
1913 2851 2003 2892 me
2032 2829 2281 2890 timidum

295 2926 388 2976 aut
419 2933 531 2993 ego
560 2927 619 2977 te
654 2920 1007 2978 temerarium
1037 2916 1255 2977 faciam.
1317 2915 1477 2975 Vale.

1169 3049 1400 3110 XXVII.

832 3149 883 3200 ο.
920 3150 1165 3200 PLiNan
1199 3149 1497 3200 PATERNO
1534 3149 1654 3200 stJo
1688 3150 1739 3205 S.
2297 3178 2362 3232 35
2451 3139 2456 3144 ’

246 3259 276 3310 1
417 3247 628 3320 Quanta
662 3261 935 3328 potestaS,
975 3262 1174 3329 quanta
1211 3252 1484 3331 dignitas,
1527 3264 1730 3331 quanta
1771 3255 2063 3330 maiestaS,
2110 3271 2282 3331 quan-

293 3342 409 3391 tum
432 3331 672 3408 denique
700 3350 902 3391 numen
929 3337 1000 3393 sit
1028 3336 1293 3395 historiae
1328 3355 1454 3396 cum
1494 3336 1822 3414 frequenter
1850 3337 1985 3398 alias
2007 3348 2123 3397 tum
2148 3355 2279 3415 pro-

293 3417 441 3477 xime
473 3415 643 3473 sensi.
698 3413 1053 3476 Recitaverat
1083 3417 1304 3495 quidam
1333 3422 1684 3480 verissimum
1714 3420 1915 3481 librum
1947 3431 2278 3500 partemque

6 3751 291 3821 Α
