2467 3850
325 183 448 249 154
1159 182 1224 244 C.
1271 181 1463 244 PLINI

324 335 557 398 saeculo
591 347 680 397 est
707 335 1036 414 gratulatus,
1069 337 1159 395 cui
1181 334 1501 413 exemplum
1523 335 1640 413 (sic
1664 334 1810 395 enim
1836 334 2094 412 scripsit)
2117 334 2301 394 simile

240 432 310 483 10
327 423 566 499 antiquis
601 422 951 497 contigisset.
1009 417 1196 496 Haec,
1228 427 1529 497 utcumque
1558 435 1623 478 se
1650 416 1890 494 babent,
1937 420 2156 477 notiora
2189 416 2302 476 cla-

322 507 470 565 riora
512 506 717 564 maiora
743 513 802 563 tu
835 503 1041 563 facies:
1086 519 1416 581 quamquam
1444 518 1556 560 non
1577 503 1762 578 exigo.
1778 511 1837 561 ut
1865 500 2110 561 excedas
2138 510 2300 561 actae

321 589 406 647 rei
446 588 687 647 modum.
748 586 888 646 Nam
927 604 1037 646 nec
1075 586 1305 646 historia
1347 585 1518 645 debet
1551 584 1747 662 egredi
1779 586 2074 645 veritatem
2105 592 2164 644 et
2201 584 2302 643 ho-

322 682 485 732 neste
514 671 678 732 factis
706 672 915 731 veritas
944 668 1171 730 sufficit.
1233 668 1397 729 Vale.
1715 746 1722 753 ,
2319 673 2352 725 5

747 964 825 1047 C.
883 961 1106 1044 PLINI
1163 959 1481 1044 CAECILI
1541 957 1886 1042 SECUNDI

551 1126 2069 1246 ErisruiARUM
2324 1098 2387 1150 ¹⁰

1010 1321 1204 1377 LIBER
1248 1318 1585 1375 OCTAVUS.

1281 1465 1327 1526 1.

867 1567 921 1619 C.
959 1565 1207 1618 PLINIUS
1245 1563 1527 1616 SEPTIGIO
1563 1562 1680 1615 SUO
1711 1562 1766 1615 S.

278 1692 309 1743 1
448 1667 565 1730 lter
597 1669 889 1731 commode
923 1669 1194 1748 explicui,
1230 1676 1478 1745 excepto
1511 1664 1660 1744 quod
1684 1665 1902 1744 quidam
1932 1683 2006 1725 ex
2038 1667 2180 1728 meis
2210 1667 2305 1728 ad-

278 1772 548 1825 2versam
576 1754 931 1815 valitudinem
960 1753 1389 1814 ferventissimis
1423 1750 1672 1810 aestibus
1721 1758 2127 1811 contraxerunt.
2191 1750 2306 1812 En-

330 1836 548 1918 colpius
580 1837 802 1916 quidem
829 1836 1045 1914 lector,
1074 1836 1172 1896 ille
1205 1836 1351 1896 seria
1382 1843 1604 1910 nostra,
1635 1832 1733 1892 ille
1763 1832 2032 1911 deliciae,
2063 1852 2305 1914 exaspe-

321 1925 456 1983 ratis
487 1921 740 1982 faucibus
763 1921 1000 2001 pulvere
1023 1921 1350 1999 sanguinem
1375 1919 1592 1979 reiecit.
1637 1915 1815 1990 Quam
1840 1918 1999 1979 triste
2028 1917 2139 1978 hoc
2167 1921 2300 1998 ipsi,
2320 1939 2389 1992 20

323 2024 486 2084 quam
516 2006 782 2065 acerbum
810 2006 973 2082 mihi,
1021 2006 1070 2066 si
1097 2007 1145 2065 is
1176 2005 1267 2064 cui
1299 2005 1476 2063 omnis
1512 2021 1587 2062 ex
1613 2001 1810 2061 studiis
1842 2003 2017 2077 gratia
2043 2001 2302 2064 inhabilis

324 2088 523 2149 studiis
562 2088 758 2149 fuerit!
804 2087 943 2161 Quis
984 2086 1185 2148 deinde
1227 2085 1454 2147 libellos
1495 2102 1653 2145 meos
1697 2087 1781 2145 sic
1811 2083 2001 2161 leget,
2044 2088 2129 2146 sic
2158 2104 2305 2145 ama-

273 2181 308 2235 3
327 2169 446 2231 bit?
481 2189 647 2248 quem
672 2189 838 2231 aures
866 2188 1026 2230 meae
1055 2173 1138 2230 sic
1166 2166 1517 2248 sequentur?
1561 2168 1677 2229 Sed
1711 2168 1783 2226 dii
1813 2167 2046 2228 laetiora
2074 2173 2304 2249 promit·

324 2264 464 2314 tunt.
529 2254 695 2313 Stetit
731 2255 990 2331 sanguis,
1019 2252 1231 2313 resedit
1255 2252 1436 2312 dolor.
1499 2252 1799 2313 Praeterea
1828 2254 2116 2313 continens
2147 2256 2300 2333 ipse,

324 2354 428 2397 nos
458 2335 708 2413 solliciti,
734 2337 936 2396 medici
968 2334 1290 2413 diligentes.
1329 2335 1419 2396 Ad
1446 2336 1558 2396 hoc
1582 2336 1875 2396 salubritas
1906 2336 2071 2413 caeli,
2102 2355 2302 2398 seces·
2320 2353 2386 2405 25

325 2438 444 2496 sus,
476 2421 638 2499 quies
666 2428 875 2480 tantum
910 2419 1104 2481 salutis
1132 2429 1393 2497 quantum
1422 2422 1520 2488 otii
1548 2418 1907 2498 pollicentur.
1947 2419 2109 2481 Vale.

1272 2553 1344 2614 ΙΙ.

860 2653 916 2708 G.
950 2653 1196 2705 PLINIUS
1231 2652 1524 2705 CALVISIO
1561 2653 1679 2705 SUO
1711 2652 1763 2706 S.

274 2767 304 2818 1
445 2755 559 2816 Alii
583 2756 637 2814 in
664 2754 897 2835 praedia
925 2773 1027 2815 sua
1064 2757 1529 2835 proficiscuntur,
1555 2765 1631 2814 Ἧι
1673 2753 2079 2834 locupletiores
2107 2772 2303 2814 rever·
2320 2764 2387 2819 30

329 2848 531 2916 tantur,
564 2855 699 2916 ego,
732 2848 791 2899 ut
821 2841 1137 2919 pauperior.
1194 2839 1564 2899 Vendideram
1586 2837 1891 2900 vindemias
1923 2839 2175 2898 certatim
2204 2856 2305 2899 ne·

325 2923 692 3000 gotiatoribus
735 2924 1075 2983 ementibus.
1135 2921 1408 2983 Invitabat
1449 2925 1723 3002 pretium,
1776 2932 1834 2982 et
1876 2921 2026 2998 quod
2071 2931 2205 2981 tunc
2248 2931 2306 2981 et

271 3017 306 3068 2
325 3004 477 3083 quod
512 3004 636 3063 sore
670 3004 981 3066 videbatur.
1045 3006 1192 3085 Spes
1230 3005 1453 3066 fefellit.
1522 3005 1656 3066 Erat
1692 3005 2018 3084 expeditum
2048 3006 2305 3066 omnibus

322 3088 610 3147 remittere
639 3088 977 3166 aequaliter,
1024 3089 1129 3149 sed
1155 3108 1266 3149 non
1290 3092 1423 3150 satis
1444 3109 1699 3168 aequum.
1758 3088 1893 3148 Mihi
1925 3097 2111 3148 autem
2138 3106 2305 3165 egre·

324 3172 480 3247 gium
509 3171 565 3228 in
592 3173 783 3248 primis
810 3172 1063 3248 videtur.
1103 3183 1162 3232 ut
1202 3174 1342 3233 soris
1376 3177 1450 3234 ita
1492 3174 1671 3249 domi,
1713 3182 1772 3232 ut
1815 3175 1870 3232 in
1898 3174 2113 3250 magnis
2141 3173 2216 3231 ita
2249 3175 2305 3231 in
2320 3185 2384 3239 35

328 3254 550 3330 parvis,
592 3263 650 3313 ut
680 3256 733 3313 in
762 3254 959 3315 alienis
988 3258 1064 3316 ita
1093 3258 1150 3315 in
1178 3259 1327 3331 suis,
1373 3259 1588 3334 agitare
1615 3257 1895 3317 iustitiam.
1950 3255 2090 3315 Nam
2122 3257 2170 3315 si
2206 3272 2304 3333 pa·

270 3348 306 3399 3
325 3339 404 3396 ria
434 3345 705 3413 peccata,
758 3355 925 3415 pares
959 3341 1123 3398 etiam
1150 3337 1364 3399 laudes.
1429 3340 1623 3417 ltaque
1657 3340 1909 3400 omnibus
1939 3338 2199 3417 quidem,
2231 3357 2305 3397 ne

325 3420 452 3497 quis
485 3419 619 3479 mihi
650 3437 761 3479 non
788 3419 1020 3480 donatus
1049 3422 1265 3497 abiret,
1298 3431 1514 3501 partem
1546 3432 1796 3483 octavam
1826 3424 1993 3502 pretii
2032 3439 2146 3500 quo
2176 3423 2305 3501 quis

2322 1524 2384 1577 15
