2467 3850
569 193 1092 258 EPISTULARUM
1108 206 1199 261 80.
1209 204 1395 259 -84,
1423 196 1752 275 [84.--88·]
2028 199 2151 265 227

161 347 362 410 tinenti
379 393 397 425 ,
428 345 540 408 dixi
570 349 790 427 utrique
822 350 966 426 parti
996 359 1055 410 ut
1083 348 1521 428 postulationum
1551 366 1773 410 suarum
1795 348 2028 414 libellos
2059 353 2152 414 da·

162 442 310 493 rent.
370 431 648 494 Volebam
697 435 845 493 enim
883 442 944 492 te
984 433 1239 511 ipsorum
1275 434 1626 510 potissimum
1665 433 1854 495 verbis
1898 453 1968 496 ea
2008 454 2154 516 quae

167 524 327 577 erant
366 518 662 596 proposita
701 532 1078 594 cognoscere.
1133 515 1208 576 Et
1240 515 1392 576 Dion
1432 517 1660 597 quidem
1689 536 1755 577 se
1795 517 2048 580 daturum
2072 519 2152 580 di-

165 602 279 661 xit:
312 601 416 677 [et]
451 599 767 678 Eumolpus
794 599 1088 679 respondit
1120 599 1529 678 conplexurum
1561 620 1627 661 se
1668 600 1866 663 libello
1897 621 2042 682 quae
2069 605 2155 665 rei

115 692 149 745 5
168 683 433 763 publicae
460 694 722 764 peteret,
768 694 1024 746 ceterum
1059 683 1213 762 quod
1254 682 1325 743 ad
1366 683 1626 763 sepultos
1656 687 2000 764 pertineret,
2042 695 2207 750 nono

166 775 560 829 accusatorem
589 787 655 829 se
685 767 789 829 sed
819 767 1151 829 advocatum
1180 766 1355 827 Flavii
1377 766 1674 847 Archippi,
1711 770 1869 829 cuius
1900 770 2153 832 mandata

166 852 521 933 pertulisset.
576 850 937 931 Archippus,
982 854 1073 910 cui
1101 850 1415 931 Eumolpus
1446 853 1593 911 sicut
1618 851 1889 914 Prusiade
1917 853 2154 917 adsiste·

166 936 288 1013 bat,
320 935 455 996 dixit
485 954 549 996 se
577 935 834 996 libellum
862 934 1136 996 daturum.
1181 933 1263 995 Ita
1293 953 1403 996 nec
1431 933 1747 1014 Eumolpus
1773 955 1883 998 nec
1912 937 2156 1017 Archip-

79 1116 152 1168 lo
165 1038 295 1164 33¹3.
307 1017 1562 1183 ⁹¹33„¹'3251¹ff¹⁶q:3251¹1⁰1?55tzssztffizfflxz
1571 1020 1964 1183 ffiisssfibiffi‘r‘i
1984 1020 2155 1185 ‘5323
2174 1109 2207 1166 ⁷

311 1150 324 1163 ο
686 1149 705 1183 ’
1567 1150 1579 1162 ο
2131 1137 2155 1150 “

168 1189 319 1249 senti
345 1187 426 1246 fui
457 1197 516 1248 et
553 1187 667 1247 vidi
707 1197 856 1248 tuam
889 1204 1119 1267 quoque
1155 1197 1392 1248 statuam
1421 1189 1477 1246 in
1507 1187 1856 1250 bibliotheca
1888 1191 2153 1266 positam:

167 1272 227 1333 id
254 1281 440 1331 autem
464 1272 522 1331 in
550 1289 663 1351 quo
704 1271 963 1333 dicuntur
996 1270 1208 1351 sepulti
1249 1270 1398 1331 filius
1432 1280 1492 1333 et
1533 1289 1680 1331 uxor
1716 1272 1913 1334 Dionis
1940 1273 1999 1332 in
2023 1291 2155 1333 area

172 1355 530 1417 conlocatum
547 1401 563 1433 ‚
598 1374 742 1435 quae
771 1356 1088 1436 porticibus
1115 1353 1435 1415 includitur.
1495 1354 1576 1416 Te
1594 1401 1615 1433 ,
1637 1355 1857 1417 domine
1874 1402 1892 1433 ,
1923 1374 2068 1435 rogo
2097 1363 2210 1417 ut8

168 1457 262 1500 me
291 1442 348 1499 in
370 1439 482 1500 hoc
512 1441 817 1519 praecipue
847 1456 1064 1518 genere
1094 1440 1431 1516 cognitionis
1459 1457 1671 1517 regere
1704 1440 1985 1518 digneris,
2031 1458 2159 1501 cum

85 1522 380 1602 15alioqui
408 1542 606 1601 magna
636 1526 709 1585 sit
735 1525 1094 1602 expectatio,
1132 1533 1192 1582 ut
1220 1540 1471 1582 necesse
1512 1533 1603 1584 est
1641 1524 1700 1583 in
1740 1542 1809 1585 ea
1836 1541 1900 1584 re
1929 1542 2072 1604 quae
2101 1533 2161 1585 et

168 1610 228 1668 in
259 1608 584 1669 confessum
608 1607 767 1668 venit
798 1616 857 1667 et
885 1605 1161 1684 exemplis
1190 1605 1530 1666 defenditur.

841 1737 1117 1801 Lxxxn.
1146 1736 1494 1819 [mxxvi]

834 1837 1165 1890 TRAIANUS
1201 1838 1415 1889 PLINIO
1452 1835 1504 1887 S.

84 1964 158 2017 20
301 1944 537 2005 Potuisti
570 1961 685 2004 non
724 1943 999 2020 haerere,
1037 1943 1113 2001 mi
1150 1939 1414 2002 Secunde
1445 1937 1768 2015 carissime,
1817 1940 1968 1998 circa
2002 1938 2061 1998 id
2089 1939 2159 2000 de
2179 1955 2207 2004 1

175 2046 291 2109 quo
325 2047 417 2089 me
452 2026 860 2089 consulendum
889 2027 1240 2102 existimasti,
1276 2043 1404 2084 cum
1430 2023 1785 2103 propositum
1806 2038 1991 2081 meum
2015 2025 2162 2100 opti-

174 2132 266 2174 me
302 2129 507 2173 nosses
546 2130 662 2172 nou
706 2129 781 2170 ex
808 2119 960 2170 metu
998 2129 1108 2170 nec
1152 2119 1374 2170 terrore
1404 2108 1687 2168 hominum
1712 2115 1806 2165 aut
1841 2106 2161 2166 criminibus

174 2197 482 2259 maiestatis
517 2197 891 2256 reverentiam
932 2195 1141 2254 nomini
1179 2209 1310 2253 meo
1352 2192 1592 2270 adquiri.
1656 2188 1877 2252 Omissa
1912 2206 2052 2268 ergo
2095 2208 2162 2250 ea
2181 2202 2215 2254 2

178 2283 534 2360 quaestione,
567 2297 730 2358 quam
755 2297 869 2340 non
896 2278 1266 2353 admitterem,
1298 2277 1465 2338 etiam
1496 2277 1544 2336 si
1573 2274 1850 2354 exemplis
1878 2274 2162 2334 adiuvare-

85 2375 301 2442 25tur,
330 2368 473 2425 ratio
504 2367 683 2426 totius
707 2365 898 2443 operis
934 2363 1126 2424 effecti
1157 2362 1263 2422 sub
1295 2378 1427 2421 cura
1458 2360 1593 2437 [tua]
1624 2356 1930 2420 Cocceiani
1964 2357 2163 2418 Dionis

176 2451 507 2526 excutiatur,
543 2467 671 2509 cum
701 2458 760 2509 et
788 2447 997 2509 utilitas
1026 2448 1269 2508 civitatis
1300 2446 1491 2523 exigat
1517 2461 1626 2505 nec
1652 2453 1747 2504 aut
1766 2452 1996 2505 recuset
2015 2441 2164 2502 Dion

176 2543 270 2594 aut
298 2533 502 2594 debeat
533 2550 822 2593 recusare.

134 2712 142 2719 .
802 2661 1104 2723 Lxxxm.
1154 2660 1527 2740 [Lxxxvll.]

89 2792 163 2848 30
627 2762 682 2815 G.
718 2760 967 2812 PLINIUS
1005 2759 1293 2811 TRAIANO
1324 2756 1735 2813 IMPERATORI.

297 2866 553 2944 Rogatus
571 2911 590 2943 ,
633 2864 891 2940 domine,
945 2880 978 2921 a
1016 2861 1430 2922 Nicaeensibus
1486 2859 1717 2940 publice
1765 2874 1873 2936 per
1912 2875 1981 2917 ea
2022 2875 2164 2936 quae

174 2952 311 3013 mihi
339 2960 397 3012 et
425 2959 554 3011 sunt
581 2959 641 3010 et
672 2947 883 3009 debent
916 2963 1050 3006 esse
1080 2946 1466 3021 sanctissima,
1513 2944 1571 3003 id
1598 2951 1688 3003 est
1727 2959 1833 3020 per
1872 2942 2167 3002 aeternita-

174 3047 294 3098 tem
323 3046 472 3097 tuam
500 3033 875 3111 salutemque,
905 3039 965 3090 ut
994 3047 1204 3109 preces
1233 3046 1365 3089 suas
1392 3028 1461 3087 ad
1492 3036 1549 3088 te
1577 3026 1914 3105 perferrem,
1944 3025 2030 3086 fas
2052 3042 2166 3086 non

178 3122 373 3202 putavi
393 3135 607 3199 negare
628 3125 1042 3195 acceptumque
1068 3113 1137 3173 ab
1161 3114 1239 3176 iis
1259 3109 1515 3172 libellum
1536 3111 1669 3171 huic
1691 3110 1969 3190 epistulae
1992 3111 2163 3174 iunxi.

97 3216 166 3271 ³⁵
787 3248 1120 3312 Lxxxnn.
1167 3243 1573 3328 [Lxxxvln..]

849 3348 1171 3403 TRAIANUS
1204 3347 1417 3399 PLINIO
1449 3346 1502 3397 S.

313 3453 721 3519 Nicaeensibus
739 3500 758 3533 ,
800 3455 896 3535 qui
935 3457 1323 3517 intestatorum
1350 3449 1553 3512 civium
1582 3463 2168 3593 ⁸¹¹⁰nfgss⁰⁰⁰⁰e⁸⁵⁸m

2193 1599 2202 1635 l
