2467 3850
306 186 387 249 70
1147 182 1217 247 G.
1262 181 1454 245 PLINI

1206 336 1362 397 vm.

682 435 737 487 c.
775 435 1024 488 Pmes
1059 435 1326 487 MATURO
1362 434 1652 487 ARRIANO
1689 433 1811 487 suo
1846 432 1899 485 s,
2464 487 2465 530 1

258 567 287 616 1
436 551 741 615 Gratularis
780 553 912 613 mihi
954 553 1105 631 quod
1144 556 1466 630 acceperim
1497 562 1839 630 auguratum.
1897 549 2024 610 lure
2054 551 2296 628 gratula·
2464 579 2465 640 χ

302 638 416 714 ris,
460 638 728 715 primum,
774 637 927 714 quod
969 639 1285 715 gravissimi
1315 639 1583 716 principis
1613 636 1879 696 iudicium
1908 637 1964 694 in
1987 638 2296 696 minoribus

303 722 475 782 etiam
507 722 678 781 rebus
713 724 989 799 consequi
1018 720 1316 799 pulchrum
1336 730 1449 798 est,
1486 720 1711 796 deinde,
1742 718 1895 797 quod
1916 719 2341 779 sacerdotiumf»

307 807 496 882 ipsum
542 823 666 864 cum
713 806 960 882 priscum
1010 816 1069 866 et
1106 804 1438 882 religiosum
1477 813 1593 863 turn
1635 804 1747 864 hoc
1792 820 2018 881 quoque
2075 822 2300 863 sacrum

256 899 291 952 2
315 888 485 966 plane
531 899 590 949 et
638 890 862 965 insigne
904 898 996 949 est
1049 888 1200 966 quod
1250 905 1363 948 non
1413 888 1669 948 adimitur
1713 888 1947 947 viventi.
2012 885 2153 946 Nam
2191 887 2299 947 alia
2463 902 2465 1019 4

310 990 643 1051 quamquam
678 971 945 1050 dignitate
975 972 1383 1052 propemodum
1411 974 1562 1051 paria
1592 980 1652 1031 ut
1682 971 1999 1031 tribuuntur
2027 973 2112 1031 sic
2141 971 2299 1031 aufe-

257 1065 539 1132 3runtur‚
590 1059 646 1116 in
687 1055 797 1116 hoc
842 1055 1097 1116 fortunae
1145 1057 1416 1116 hactenus
1463 1055 1600 1116 licet
1645 1064 1706 1114 ut
1752 1053 1867 1113 dari
1904 1057 2105 1132 possit.
2164 1053 2299 1114 Mihi

308 1157 448 1200 vero
488 1139 626 1199 illud
673 1142 840 1201 etiam
879 1139 1253 1217 gratulatione
1301 1140 1526 1216 dignum
1565 1139 1787 1199 videtur
1843 1137 1994 1216 quod
2039 1141 2388 1204 successim
2466 1149 2467 1160 ¹

307 1223 453 1284 Iulio
483 1222 777 1301 Frontin0,
809 1225 1051 1304 principi
1080 1225 1227 1301 viro,
1264 1226 1357 1303 qui
1386 1242 1475 1283 me
1510 1223 1897 1282 nominationis
1934 1221 2024 1281 die
2054 1240 2159 1301 per
2192 1223 2299 1283 hos

307 1310 605 1368 continuos
643 1325 819 1368 annos
862 1310 1009 1367 inter
1055 1308 1366 1369 sacerdotis
1408 1308 1760 1384 nominabat,
1809 1316 2084 1383 tamquam
2125 1307 2183 1366 in
2213 1306 2300 1365 lo·
2464 1293 2467 1418 1

231 1407 248 1430 ¹·
310 1410 436 1451 cum
479 1409 641 1452 suum
683 1400 1008 1471 cooptaret;
1059 1390 1210 1469 quod
1254 1409 1399 1451 nunc
1441 1400 1681 1451 eventus
1718 1392 1793 1451 ita
1835 1390 2207 1467 conprobavit
2240 1400 2302 1450 ut

258 1485 294 1538 4
313 1493 425 1534 non
454 1474 743 1535 fortuitum
771 1475 1070 1535 videretur.
1132 1475 1214 1535 Te
1243 1475 1499 1554 quidem,
1531 1483 1590 1533 ut
1623 1474 1846 1550 scribis,
1878 1474 1952 1533 ob
1984 1474 2096 1534 hoc
2125 1476 2299 1535 maxi-

311 1576 402 1617 me
437 1558 682 1618 delectat
711 1567 1013 1637 auguratus
1055 1577 1215 1620 meus
1249 1559 1400 1638 quod
1437 1556 1514 1617 M.
1550 1555 1767 1618 Tullius
1796 1575 1976 1634 augur
2000 1557 2121 1617 fuit.
2161 1557 2385 1618 Lae-15

314 1644 449 1702 taris
492 1644 639 1701 enim
672 1643 824 1721 quod
855 1643 1163 1703 honoribus
1210 1645 1332 1703 eius
1373 1644 1625 1704 insistam
1666 1659 1834 1719 quem
1875 1641 2140 1702 aemulari
2184 1651 2301 1701 stu-

257 1739 291 1789 5
317 1725 421 1786 diis
455 1729 643 1804 cupio.
709 1727 824 1787 Sed
853 1729 1091 1803 utinam,
1132 1736 1192 1786 ut
1226 1727 1602 1789 sacerdotium
1635 1725 1817 1802 idem,
1854 1735 1916 1785 ut
1948 1725 2301 1785 consulatum

313 1808 487 1869 multo
519 1813 682 1870 etiam
710 1812 964 1871 iuvenior
994 1829 1156 1889 quam
1183 1811 1280 1870 ille
1315 1829 1438 1870 sum
1470 1819 1848 1885 consecutus,
1878 1811 1955 1868 ita
1983 1828 2162 1869 senex
2193 1808 2302 1870 sal·

253 1903 288 1959 6
314 1903 428 1955 tem
462 1895 744 1972 ingenium
774 1897 896 1957 eius
927 1894 1110 1973 aliqua
1142 1914 1215 1955 ex
1245 1905 1402 1972 parte
1434 1893 1667 1972 adsequi
1699 1891 1957 1972 possem!
1999 1892 2113 1953 Sed
2143 1895 2302 1954 nimi·

313 1996 469 2056 rum,
513 1996 657 2056 quae
689 1988 814 2039 sunt
854 1981 912 2039 in
943 1996 1103 2038 manu
1134 1979 1414 2038 hominum
1452 1988 1509 2038 et
1551 1978 1680 2037 mihi
1716 1986 1774 2038 et
1816 1976 2001 2038 multis
2045 1980 2390 2056 contige-20

311 2073 464 2138 runt,
496 2061 634 2120 illud
665 2079 803 2121 vero
827 2072 886 2122 ut
917 2064 1097 2140 apisci
1127 2062 1358 2121 arduum
1385 2063 1468 2122 sic
1498 2064 1662 2122 etiam
1692 2079 1925 2141 sperare
1955 2062 2183 2121 nimium
2211 2072 2303 2124 est

313 2146 467 2223 quod
501 2145 618 2204 dari
646 2161 757 2205 non
779 2146 887 2206 nisi
918 2163 952 2206 a
984 2143 1089 2204 diis
1116 2155 1331 2225 potest.
1395 2144 1552 2205 Vale.

1207 2295 1391 2356 VIIII.

735 2390 790 2441 e.
827 2391 1073 2445 Pmes
1104 2394 1418 2445 CORNELIO
1455 2394 1620 2446 Unso
1654 2394 1771 2447 SUO
1807 2395 1861 2449 S.
2323 2444 2388 2496 25

268 2523 297 2572 1
438 2507 677 2569 Causam
708 2528 816 2589 per
851 2511 957 2572 hos
988 2511 1108 2573 dies
1141 2513 1278 2575 dixit
1310 2512 1484 2575 Iulius
1512 2514 1745 2592 Bassus,
1774 2515 1942 2575 homo
1980 2513 2306 2577 laboriosus

311 2604 374 2654 et
399 2594 653 2654 adversis
684 2596 801 2655 suis
829 2595 1034 2656 clarus.
1076 2598 1396 2659 Accusatus
1427 2608 1516 2659 est
1546 2599 1650 2658 sub
1678 2599 2027 2679 Vespasiano
2055 2616 2088 2657 a
2115 2602 2306 2678 priva·-

308 2680 382 2739 tis
426 2677 678 2755 duobus,
727 2679 795 2739 ad
826 2690 1078 2740 senatum
1103 2685 1376 2744 remissus
1407 2681 1498 2742 diu
1529 2683 1835 2761 pependit,
1883 2682 2105 2742 tandem
2131 2683 2303 2742 abso·

257 2770 291 2824 2
313 2762 461 2822 lutus
491 2762 938 2842 vindicatusque.
990 2764 1171 2825 Titum
1208 2769 1387 2826 timuit
1420 2775 1481 2826 ut
1509 2765 1807 2827 Domitiani
1840 2768 2085 2842 amicus,
2121 2784 2154 2825 a
2182 2765 2304 2826 Do·

308 2848 534 2906 mitiano
574 2845 864 2924 relegatus
909 2857 1029 2909 est:
1081 2860 1386 2910 revocatus
1420 2867 1452 2909 a
1484 2849 1673 2910 Nerva
1718 2852 2064 2927 sortitusque
2105 2848 2393 2925 Bithy-30

308 2932 456 2989 niam
496 2930 663 2991 rediit
703 2949 871 3010 reus,
907 2942 1205 2993 accusatus
1246 2952 1359 2993 non
1398 2934 1577 2993 minus
1616 2935 1824 2995 acriter
1863 2951 2027 3012 quam
2056 2932 2307 2994 fideliter

309 3013 598 3075 defensus.
649 3013 845 3078 Varias
877 3019 1185 3078 sententias
1225 3018 1450 3093 hahuit,
1489 3017 1685 3096 plures
1716 3028 1900 3079 tamen
1929 3019 2085 3096 quasi
2117 3020 2305 3078 mitio-

261 3105 427 3160 3res.
487 3096 620 3175 Egit
649 3109 844 3159 contra
875 3117 1003 3159 eum
1030 3100 1370 3179 Pomponius
1401 3100 1616 3178 Rufus,
1658 3104 1746 3161 vir
1776 3110 2000 3180 paratus
2031 3109 2092 3160 et
2125 3101 2304 3162 vehe-

307 3199 495 3241 mens:
526 3180 676 3241 Rufo
703 3185 988 3245 successit
1019 3182 1418 3263 Theophanes,
1448 3203 1591 3246 unus
1623 3204 1697 3245 ex
1726 3185 1964 3262 legatis,
1997 3184 2092 3243 fax
2128 3202 2305 3246 accu-

256 3273 293 3327 4
311 3267 544 3326 sationis
579 3274 637 3323 et
667 3267 849 3339 origo·
900 3265 1191 3345 Respondi
1220 3286 1354 3346 ego.
1412 3268 1552 3328 Nam
1579 3269 1710 3328 mihi
1739 3268 1950 3329 Bassus
1980 3270 2303 3331 iniunxerat
2317 3278 2389 3332 35

304 3358 367 3408 ut
406 3349 579 3407 totius
623 3345 967 3408 defensionis
1008 3348 1360 3411 fundamenta
1394 3354 1676 3429 iacerem,
1727 3352 1978 3412 dicerem
2019 3350 2090 3411 de
2135 3368 2301 3411 orna-

306 3431 511 3489 mentis
554 3428 707 3504 suis‚
754 3446 897 3506 quae
943 3429 1024 3489 illi
1058 3442 1228 3492 etex
1269 3437 1498 3510 generis
1545 3435 1795 3496 claritate
1830 3445 1991 3495 etex
2020 3435 2302 3513 periculis
