2467 3850
315 175 440 241 202
513 217 519 229 ·
917 175 982 238 C.
1024 174 1216 238 PLINI
1253 174 1350 239 ΕΤ
1391 174 1704 239 TRAIANI

1087 327 1266 391 vnn.
1308 327 1530 407 [xxv.]

978 426 1300 477 TRAIANUS
1333 425 1545 478 PLINIO
1581 425 1638 481 S.

437 525 511 588 Et
534 529 816 608 privatas
842 527 1045 588 multas
1075 538 1133 588 et
1157 544 1353 587 omnes
1377 527 1636 607 publicas
1660 544 1856 587 causas
1881 525 2112 605 petendi
2144 543 2295 586 com·

311 618 529 671 meatus
569 610 887 671 reddidisti:
929 611 1061 672 mihi
1103 620 1287 670 autem
1324 611 1418 670 vel
1467 610 1589 671 sola
1630 610 1887 671 voluntas
1916 620 2008 670 tua
2039 610 2296 670 suffecis-

313 703 424 755 set.
484 693 687 773 Neque
728 697 876 754 enim
916 694 1109 755 dubito
1143 705 1237 771 te,
1289 705 1349 755 ut
1377 698 1613 774 primum
1637 697 1924 773 potueris,
1976 693 2046 753 ad
2073 703 2184 753 tam
2210 693 2340 756 di·5

204 784 208 788 *
254 849 264 866 ι
313 780 571 839 strictum
600 778 850 838 officium
885 792 1264 839 reversurum.
1325 778 1571 839 Statuam
1600 781 1735 858 poni
1765 779 1894 838 mihi
1927 778 2046 838 a‘te
2075 795 2151 838 eo
2182 794 2295 856 quo

315 860 604 922 desideras
635 860 800 939 loco,
833 879 1160 942 quamquam
1188 862 1463 922 eiusmodi
1490 863 1763 922 honorum
1790 863 2183 942 parcissimus,
2215 872 2293 922 ta-

314 963 443 1006 men
472 947 678 1026 patior‚
707 965 780 1007 ne
808 946 1097 1026 inpedisse
1130 964 1354 1007 cursum
1385 965 1523 1025 erga
1550 965 1641 1007 me
1668 949 1895 1027 pietatis
1923 955 2051 1006 tuae
2078 945 2291 1005 videar.

1179 1097 1253 1159 X·
1288 1097 1401 1177 Ν]
2311 1130 2379 1181 10

746 1197 800 1251 C.
839 1196 1086 1249 PLINIUS
1119 1196 1405 1249 TRAIANO
1440 1196 1845 1251 IMPERATORI.

267 1317 299 1369 1
439 1300 799 1381 Exprimere,
831 1300 1075 1379 domine,
1106 1302 1296 1363 verbis
1319 1320 1431 1362 non
1462 1320 1697 1381 possum
1725 1310 1932 1381 quanto
1960 1319 2050 1360 me
2086 1296 2291 1379 gaudio

312 1384 622 1448 adiecerint
665 1385 941 1462 epistulae
992 1395 1156 1463 tuae,
1209 1405 1283 1446 ex
1329 1387 1533 1464 quibus
1577 1388 1820 1463 cognovi
1860 1396 1916 1445 te
1960 1385 2292 1463 Harpocrati

309 1468 622 1546 iatraliptae
652 1486 780 1529 meo
812 1479 867 1529 et
904 1468 1335 1530 Alexandrinam
1378 1472 1659 1530 civitatem
1695 1471 1994 1548 tribuisse,
2040 1471 2290 1548 quamvis

313 1550 621 1613 secundum
661 1553 1063 1626 institutionem
1102 1554 1419 1632 principum
1457 1572 1569 1614 non
1599 1563 1813 1615 temere
1845 1573 1966 1623 eam
1995 1552 2130 1613 dare
2158 1571 2289 1633 pro·
2307 1564 2371 1617 15

312 1638 626 1717 posuisses.
665 1635 814 1697 Esse
846 1647 1030 1697 autem
1058 1637 1385 1716 Harpocran
1414 1637 1627 1717 νομοῦ
1650 1637 2084 1717 Μεμφιτικοῦ
2103 1637 2290 1696 indico

263 1735 298 1788 2
316 1720 432 1780 tibi.
494 1718 660 1797 Rogo
685 1738 862 1799 ergo,
906 1720 1388 1798 indulgentissime
1419 1716 1755 1803 imperator,
1798 1731 1857 1781 ut
1879 1721 2006 1781 mihi
2037 1720 2106 1781 ad
2130 1720 2289 1780 Pom-

313 1805 505 1885 peium
532 1803 796 1881 Plantam,
832 1805 1184 1884 praefectum
1208 1805 1481 1884 Aegypti,
1510 1809 1744 1865 amicum
1765 1815 1954 1881 tuum,
1985 1807 2131 1864 sicut
2159 1821 2289 1882 pro·

312 1890 530 1966 misisti,
554 1888 851 1969 epistulam
871 1891 1072 1953 mittas.
1115 1888 1351 1949 Obviam
1372 1892 1570 1968 iturus,
1602 1908 1713 1969 quo
1735 1892 2020 1967 maturius,
2046 1888 2287 1966 domine,

312 1975 721 2052 exoptatissimi
750 1975 1020 2035 adventus
1058 1975 1138 2033 tui
1173 1976 1377 2051 gaudio
1405 1975 1515 2034 frui
1545 1976 1783 2055 possim,
1824 1991 1968 2052 rogo
1998 1975 2288 2054 permittas
2304 1988 2373 2039 20

311 2057 443 2118 mihi
473 2074 636 2137 quam
662 2055 988 2135 longissime
1021 2075 1324 2142 occurrere
1346 2059 1463 2122 tibi.

1154 2191 1256 2252 xl.
1304 2191 1445 2271 [vr]

749 2286 803 2337 C.
835 2289 1084 2342 PLINIUS
1110 2290 1399 2342 TRAIANO
1436 2290 1847 2343 IMPERATORI.

262 2403 293 2454 1
429 2387 680 2447 Proxima
718 2390 997 2453 infirmitas
1037 2411 1194 2471 mea,
1253 2393 1506 2470 domine,
1561 2393 1832 2472 obligavit
1871 2412 1962 2453 me
2000 2393 2285 2455 Postumio
2302 2410 2370 2464 25

311 2469 525 2530 Marino
555 2472 803 2542 medico;
847 2477 934 2533 cui
977 2494 1168 2554 parem
1197 2479 1431 2555 gratiam
1467 2478 1684 2539 referre
1713 2478 1993 2538 beneficio
2022 2487 2119 2537 tuo
2152 2495 2285 2556 pos-

306 2572 455 2640 sum,
489 2555 537 2616 si
568 2557 834 2640 precibus
867 2561 1009 2618 meis
1039 2579 1112 2619 ex
1145 2560 1556 2621 consuetudine
1583 2563 1846 2622 bonitatis
1875 2571 2002 2622 tuae
2038 2561 2286 2622 indulse-

257 2641 403 2709 2ris.
467 2638 635 2716 Rogo
677 2658 815 2718 ergo
851 2653 910 2703 ut
954 2647 1281 2724 propinquis
1325 2647 1447 2705 eius
1478 2646 1578 2707 des
1609 2645 1923 2723 civitatem,
1962 2643 2284 2725 Chrysippo

306 2722 633 2786 Mithridatis
657 2727 931 2806 uxorique
947 2726 1248 2807 Chrysippi
1262 2730 1611 2790 Stratonicae
1634 2729 1900 2808 Epigoni,
1931 2731 2064 2788 item
2091 2727 2284 2789 liberis

307 2808 560 2869 eiusdem
590 2806 922 2889 Chrysippi,
951 2811 1214 2891 Epigono
1245 2821 1302 2873 et
1330 2811 1661 2890 Mithridati,
1691 2815 1766 2873 ita
1792 2822 1854 2872 ut
1877 2815 1986 2873 sint
2016 2814 2072 2872 in
2106 2815 2280 2891 patris
2299 2831 2369 2885 30

307 2900 590 2965 potestate
624 2904 800 2972 utque
844 2895 911 2954 iis
944 2897 998 2954 in
1029 2896 1266 2959 libertos
1299 2907 1556 2957 servetur
1584 2899 1669 2956 ius
1698 2907 2073 2975 patronorum.
2140 2895 2283 2955 Item

306 2988 449 3049 rogo
478 2974 770 3054 indulgeas
799 2980 886 3037 ius
912 2977 1209 3051 Quiritium
1233 2979 1294 3038 L.
1332 2978 1511 3040 Satrio
1539 2980 1861 3045 Abascanto
1893 2988 1949 3039 et
1982 2979 2043 3038 P.
2076 2977 2283 3039 Caesio

307 3051 635 3133 Phosphoro
667 3070 724 3121 et
753 3062 1090 3124 Panchariae
1114 3063 1357 3124 Soteridi
1371 3085 1386 3134 ;
1417 3064 1568 3144 quod
1595 3083 1628 3124 a
1654 3074 1712 3125 te
1744 3063 2065 3125 volentibus
2092 3072 2283 3143 patro-

305 3135 391 3194 nis
421 3148 576 3215 peto,

1110 3229 1239 3290 XII.
1279 3229 1349 3309 [V
1351 3229 1449 3308 IL]
2209 3243 2212 3248 ⁴
2297 3249 2364 3302 35

737 3322 791 3376 C.
831 3327 1079 3377 PLINIUS
1117 3328 1402 3379 TRAIANO
1439 3329 1843 3381 IMPERATORI.

254 3431 286 3481 1
336 3451 343 3458 r
424 3416 593 3495 Scio,
626 3418 881 3503 domine,
911 3429 1212 3489 memoriae
1243 3439 1406 3510 tuae,
1454 3450 1599 3511 quae
1628 3441 1721 3496 est
1746 3432 1896 3495 hene
1925 3431 2167 3493 faciendi
2195 3441 2281 3493 te-
