2467 3850
547 180 1066 243 EPISTULARUM
1094 189 1446 245 113.--118.
1475 184 1872 259 [ιιι-4194
2057 180 2179 246 237

192 351 424 396 versum
449 352 681 396 movere
722 344 780 394 te
814 336 1016 414 potuit.
1083 331 1219 394 Mihi
1242 333 1354 394 hoc
1381 341 1881 411 temperamentum
1911 336 2032 395 eius
2061 336 2180 413 pla-

193 422 313 481 cuit
346 428 407 478 ut
440 438 517 479 ex
553 421 858 499 praeterito
885 417 1023 479 nihil
1063 435 1428 493 notaremus,
1474 415 1578 478 sed
1608 428 1895 478 manerent
1931 423 2180 496 quamvis

196 513 392 564 contra
418 502 612 581 legem
643 504 842 564 adsciti
884 519 1365 583 quarumcumque
1395 503 1679 561 civitatum
1708 505 1902 579 cives,
1942 505 1999 563 in
2032 502 2178 564 futu-

191 606 316 646 rum
342 597 530 648 autem
555 587 655 649 lex
681 587 948 667 Pompeia
976 587 1400 653 obser-varstan
1434 587 1594 646 cuius
1623 588 1735 644 vim
1774 584 1823 646 si
1854 596 2008 648 retro
2041 604 2177 665 quo-

138 687 176 738 5
196 688 311 749 que
337 670 577 733 velimus
608 672 917 751 custodire,
945 671 1117 732 multa
1146 688 1392 732 necesse
1423 679 1514 729 est
1542 670 1874 747 perturbari.

922 805 1119 868 cxvi.
1169 804 1442 884 [cxvii]

638 903 693 956 C.
728 904 978 957 PLINIUS
1010 907 1296 958 TRAIANO
1332 905 1740 957 IMPERATORI.

317 1006 428 1080 Qui
464 1007 686 1068 virilem
716 1018 908 1088 togam
946 1019 1168 1072 sumunt
1205 1010 1304 1072 vel
1341 1012 1562 1089 nuptias
1602 1010 1812 1071 faciunt
1851 1010 1945 1072 vel
1989 1013 2178 1070 ineunt
2198 1025 2225 1075 l

103 1092 573 1168 lomagistratum
606 1093 703 1153 vel
744 1111 890 1171 opus
931 1093 1222 1173 publicum
1257 1095 1549 1172 dedicant,
1593 1094 1781 1155 solent
1807 1104 1979 1155 totam
2005 1094 2176 1155 bulen

191 1185 363 1254 atque
405 1179 568 1237 etiam
595 1196 629 1237 e
663 1178 836 1257 plebe
879 1195 991 1238 non
1032 1180 1309 1258 exig-uum-
1330 1198 1620 1238 numerum
1661 1196 1868 1238 vocare
1895 1178 2177 1258 binosque

192 1259 455 1321 denarios
487 1261 584 1321 vel
626 1262 881 1339 singulos
917 1263 1068 1324 dare.
1135 1263 1303 1337 Quod
1342 1282 1413 1323 an
1450 1262 1850 1324 celebrandum
1889 1272 1948 1325 et
1982 1273 2174 1341 quate·

190 1362 299 1405 nus
333 1355 499 1423 putes
534 1362 679 1423 rogo
712 1347 947 1407 scribas.
1014 1347 1147 1427 Ipse
1187 1350 1338 1408 enim
1376 1350 1521 1408 sicut
1555 1348 1812 1424 arbitror,
1843 1349 2226 1426 praesertim2

196 1446 272 1488 ex
302 1429 670 1491 sollemnibus
703 1433 923 1508 causis,
956 1431 1354 1493 concedendas
1395 1450 1529 1493 esse
1554 1434 1948 1510 invitationes,
1975 1434 2051 1492 ita
2076 1450 2177 1491 ve-

105 1523 177 1576 15
192 1528 327 1572 reor
365 1532 436 1573 ne
475 1515 514 1573 ii
554 1516 648 1594 qui
685 1514 840 1573 mille
878 1514 1166 1592 homines,
1215 1515 1492 1575 interdum
1530 1517 1696 1575 etiam
1737 1515 1933 1592 plures
1974 1525 2178 1575 vocant

192 1595 417 1657 modum
447 1597 733 1659 excedere
762 1606 822 1657 et
860 1600 916 1657 in
957 1600 1215 1677 speciem
1256 1598 1543 1659 dianomes
1584 1599 1834 1658 incidere
1863 1601 2173 1661 videantur.

914 1730 1138 1792 cxvu.
1165 1729 1465 1808 [cxvnm

852 1828 1178 1881 TRAIANUS
1212 1829 1424 1879 PLINIO
1462 1827 1514 1878 S.

100 1939 177 1992 ΞΟ
316 1929 519 1991 Merito
558 1931 778 1990 vereris
819 1948 892 1990 ne
931 1932 988 1990 in
1031 1934 1287 2009 speciem
1338 1930 1622 1991 dianomes
1661 1929 1867 1990 incidat
1904 1931 2175 2006 invitatio,

191 2030 341 2094 quae
369 2022 428 2075 et
464 2016 521 2075 in
549 2030 781 2074 numero
810 2014 1036 2074 modum
1064 2015 1297 2075 excedit
1336 2024 1395 2074 et
1436 2016 1593 2092 quasi
1624 2031 1731 2092 per
1759 2029 2000 2092 corpora
2017 2057 2035 2089 ‚
2065 2032 2177 2074 non

189 2101 398 2159 viritim
442 2098 697 2174 singulos
739 2117 817 2158 ex
850 2101 1077 2176 notitia,
1117 2098 1190 2160 ad
1227 2098 1536 2160 sollemnes
1567 2096 1850 2177 sportulas
1880 2097 2171 2158 contrabit.

191 2183 311 2243 Sed
340 2200 454 2261 ego
492 2181 623 2243 ideo
653 2182 1004 2262 prudentiam
1046 2194 1193 2244 tuam
1224 2182 1378 2260 elegi
1419 2193 1481 2243 ut
1519 2181 1824 2244 formandis
1854 2183 2015 2244 istius
2044 2198 2174 2260 pro·

190 2270 412 2329 vinciae
453 2268 701 2328 moribus
740 2270 867 2346 ipse
910 2268 1285 2328 moderareris
1320 2277 1379 2328 et
1420 2286 1488 2329 ea
1525 2269 1900 2328 constitueres
1932 2285 2077 2346 quae
2105 2265 2175 2327 ad

102 2361 175 2415 25
192 2362 525 2431 perpetuam
553 2355 675 2414 eius
704 2353 1032 2432 provinciae
1061 2355 1311 2431 quietem
1339 2362 1535 2414 essent
1562 2351 1869 2431 profutura.

873 2486 1125 2550 cxvm.
1175 2485 1505 2567 [CXV1111.]

634 2588 687 2637 C.
722 2588 973 2639 PLINIUS
1011 2589 1302 2640 TRAIANO
1335 2587 1742 2640 IMPERATORI.

316 2689 608 2765 Athletae,
633 2688 878 2766 domine,
907 2707 975 2748 ea
998 2709 1141 2768 quae
1165 2708 1272 2770 pro
1294 2690 1597 2751 iselasticis
1624 2688 2017 2749 certaminibus
2042 2702 2174 2745 con·
2198 2704 2227 2753 1

102 2775 420 2849 30stituisti
453 2771 650 2833 deberi
674 2773 780 2833 sibi
813 2780 1007 2850 putant
1038 2776 1219 2834 statim
1254 2792 1328 2832 ex
1360 2789 1430 2832 eo
1466 2773 1558 2832 die
1593 2790 1705 2850 quo
1736 2781 1863 2830 sunt
1892 2771 2169 2830 coronati:

189 2856 326 2919 nihil
360 2858 505 2916 enim
534 2855 752 2916 referre
785 2855 1005 2934 quando
1035 2858 1146 2916 sint
1167 2858 1405 2936 patriam
1419 2857 1652 2932 invecti,
1682 2853 1786 2914 sed
1809 2852 2027 2931 quando
2053 2870 2174 2911 cer·

189 2944 394 3004 tamine
447 2942 717 3016 vicerint,
770 2958 843 3000 ex
884 2956 996 3016 quo
1047 2939 1235 2999 invehi
1279 2939 1517 3017 possint.
1581 2937 1709 3015 Ego
1753 2946 1946 2997 contra
1987 2932 2173 2996 scribo

194 3026 490 3088 ‘iselastici
528 3026 809 3085 nomine':
858 3032 894 3093 †
919 3025 1112 3102 itaque
1143 3040 1338 3083 eorum
1366 3022 1733 3082 vehementer
1762 3019 2081 3082 addubitem
2105 3038 2172 3080 an

192 3112 268 3173 sit
294 3110 482 3190 potius
511 3108 569 3170 id
593 3119 818 3187 tempus
849 3124 961 3185 quo
1003 3100 1358 3185 εἰσήλασαν
1393 3103 1736 3165 intuendum.
1799 3103 1977 3166 Iidem
2003 3105 2171 3165 obso-
2187 3122 2220 3171 2

103 3208 177 3262 35
191 3197 281 3256 nia
307 3203 507 3274 petunt
533 3211 637 3273 pro
675 3210 747 3254 eo
778 3208 962 3270 agone
997 3193 1092 3270 qui
1132 3209 1164 3251 a
1192 3199 1252 3252 te
1278 3188 1601 3252 iselasticus
1629 3188 1812 3253 factus
1841 3198 1950 3265 est,
1982 3207 2170 3269 quam-

191 3282 281 3339 vis
309 3281 547 3341 vicerint
576 3285 704 3339 ante
736 3290 900 3357 quam
928 3276 1109 3337 fieret.
1147 3276 1320 3335 Aiunt
1347 3276 1494 3335 enim
1523 3291 1842 3352 congruens
1872 3291 2028 3350 esse,
2061 3275 2171 3333 sic-

194 3372 256 3423 ut
295 3380 407 3422 non
454 3362 616 3423 detur
653 3361 760 3421 sibi
805 3379 909 3439 pro
952 3358 1041 3420 his
1082 3359 1479 3421 certaminibus
1524 3376 1671 3437 quae
1708 3378 1842 3420 esse
1883 3357 2169 3419 iselastica

195 3455 493 3528 postquam
519 3447 777 3507 vicerunt
809 3443 1117 3524 desierunt,
1147 3446 1223 3507 ita
1250 3461 1354 3525 pro
1384 3444 1453 3506 iis
1484 3443 1597 3505 dari
1625 3461 1768 3523 quae
1791 3460 1925 3506 esse
1959 3456 2168 3518 coepe-
