2467 3850
311 164 394 227 36
1149 158 1216 221 C.
1259 158 1423 221 PLIN
1425 159 1450 220 1

259 331 294 383 3
311 323 513 393 gentes
530 359 548 391 ‚
589 330 663 372 ne
696 312 986 373 audientes
1010 312 1263 390 quidem;
1304 331 1429 372 nam
1457 311 1713 391 plerique
1742 329 1854 372 uon
1881 311 2137 390 audiunt,
2177 331 2291 374 uec

310 398 408 458 ulli
446 398 621 473 magis
650 396 890 457 laudant.
957 397 1015 455 Si
1048 396 1266 474 quando
1294 397 1553 456 transibis
1581 414 1688 473 per
1714 396 1998 457 basilicam
2032 406 2089 457 et
2122 394 2289 458 voles

309 484 459 543 scire
491 499 601 559 quo
632 481 798 541 modo
829 481 1065 558 quisque
1091 480 1260 556 dicat,
1291 479 1424 539 nihil
1448 489 1537 539 est
1560 479 1709 556 quod
1729 480 1967 540 tribunal
1989 480 2289 556 ascendas,

309 565 444 625 nihil
473 565 624 644 quod
653 565 928 643 praebeas
954 581 1170 631 aurem;
1199 563 1381 623 facilis
1404 564 1694 624 divinatio:
1724 566 1868 624 scito
1893 583 2018 624 eum
2041 567 2289 642 pessime

257 649 505 711 9dicere
540 649 634 725 qui
678 647 988 707 laudabitur
1029 650 1284 707 maxime.
1346 647 1559 707 Primus
1599 646 1746 707 hunc
1787 647 2043 708 audiendi
2076 657 2342 708 morem5

312 733 524 793 induxit
553 731 784 808 Largius
815 730 1037 791 Licinus
1055 777 1072 807 ,
1106 731 1378 791 hactenus
1409 741 1592 790 tamen
1625 739 1684 789 ut
1710 731 1992 792 auditores
2023 749 2291 811 corroga-

230 827 297 878 10
312 826 427 877 ret:
471 817 546 875 ita
582 826 739 875 certe
770 834 842 874 ex
874 814 1243 891 Quintiliano,
1284 824 1657 893 praeceptore
1697 832 1860 892 meo,
1907 815 2130 876 audisse
2172 834 2290 875 me-

311 901 461 958 mini.
521 897 789 959 Narrabat
832 898 929 957 ille
971 898 1322 959 ‘adsectabar
1367 898 1665 957 Domitium
1707 898 1933 960 Afrum:
1983 917 2107 959 cum
2137 898 2291 977 apud

313 985 689 1043 centumviros
713 982 929 1042 diceret
948 984 1195 1059 graviter
1217 992 1275 1042 et
1297 981 1448 1041 lente
1483 981 1625 1059 (hoc
1654 984 1800 1042 enim
1823 982 1904 1042 illi
1932 984 2166 1043 actionis
2188 1001 2292 1060 ge·

310 1085 415 1127 uus
454 1068 638 1144 erat),
679 1066 827 1126 audit
870 1085 943 1126 ex
982 1068 1234 1144 proximo
1276 1066 1611 1125 inmodicum
1650 1065 2044 1144 insolitumque
2085 1065 2382 1130 clamo-10

309 1167 447 1210 rem.
510 1148 825 1210 Admiratus
870 1151 1112 1209 reticuit.
1176 1149 1285 1208 Ubi
1327 1148 1603 1208 silentium
1644 1149 1850 1210 factum
1888 1161 2009 1227 est,
2064 1152 2293 1227 repetiit

231 1248 293 1299 11
315 1233 465 1312 quod
488 1234 806 1312 abruperat.
849 1233 1056 1292 Iterum
1088 1232 1318 1309 clamor,
1349 1234 1550 1293 iterum
1578 1235 1832 1309 reticuit,
1875 1244 1934 1293 et
1961 1244 2092 1313 post
2120 1233 2291 1294 silen-

310 1319 446 1379 tium
478 1318 670 1396 coepit
696 1317 841 1378 idem
874 1320 1061 1377 tertio.
1123 1315 1443 1377 Novissime
1466 1319 1589 1394 quis
1615 1316 1830 1377 diceret
1871 1318 2173 1395 quaesivit:
2201 1336 2293 1376 re·

311 1419 582 1479 sponsum
627 1410 716 1460 est
748 1401 1039 1461 ‘Licinus'
1097 1399 1233 1459 Tum
1263 1401 1577 1461 intermissa
1602 1419 1767 1460 causa
1797 1402 2172 1461 ‘centumviri'
2210 1401 2294 1459 in-

232 1499 296 1551 12
316 1486 455 1563 quit,
490 1484 624 1543 ‘hoc
659 1486 948 1544 artificium
978 1485 1229 1563 periit’2.
1305 1483 1468 1557 Quod
1510 1483 1717 1561 alioqui
1748 1485 1937 1562 perire
1965 1484 2290 1563 incipiebat,
2312 1492 2378 1542 15

315 1587 439 1628 cum
464 1570 685 1646 perisse
702 1568 838 1628 Afro
864 1568 1171 1645 videretur,
1196 1586 1342 1627 nunc
1363 1570 1500 1627 vero
1525 1584 1706 1646 prope
1729 1568 1974 1629 funditus
1989 1571 2293 1635 extinctum

200 1709 205 1713 .
314 1662 371 1712 et
401 1670 659 1711 eversum
694 1662 801 1713 est.
841 1651 1019 1712 Pudet
1043 1651 1263 1712 referre
1287 1669 1431 1729 quae
1455 1670 1616 1729 quam
1642 1652 1815 1712 fracta
1844 1653 2292 1730 pronuntiatione

204 1734 205 1737 ’
233 1748 297 1802 13
314 1735 564 1796 dicantur
581 1782 598 1813 ‚
631 1738 830 1814 quibus
859 1754 1020 1813 quam
1052 1737 1260 1796 teneris
1288 1736 1621 1795 clamoribus
1649 1737 2014 1814 excipiantur.
2057 1735 2291 1818 Plausus

313 1830 520 1880 tantum
544 1838 623 1901 ac>
638 1822 825 1898 potius
850 1820 972 1880 sola
1005 1820 1258 1895 cymbala
1286 1829 1344 1879 et
1373 1829 1630 1898 tympana
1658 1818 1770 1879 illis
1796 1821 2027 1880 canticis
2060 1819 2290 1881 desunt:

311 1903 554 1964 ululatus
579 1906 800 1983 quidem
813 1905 1030 1984 (neque
1045 1905 1205 1964 -enim
1229 1903 1340 1964 alio
1365 1902 1643 1963 vocabulo
1667 1913 1858 1981 potest
1881 1905 2114 1982 exprimi
2135 1903 2290 1964 thea··
2306 1916 2380 1969 20

235 2000 299 2055 14
311 1990 411 2049 tris
454 2007 680 2067 quoque
721 1989 985 2049 indecora
1027 1987 1299 2065 laudatio)
1346 1986 1501 2063 large
1551 1997 1871 2064 supersunt.
1933 1987 2053 2048 Nos
2106 1998 2292 2047 tamen

310 2072 491 2132 adhuc
534 2083 592 2133 et
631 2072 836 2134 utilitas
867 2075 1168 2132 amicorum
1197 2080 1256 2130 et
1294 2070 1435 2128 ratio
1463 2072 1659 2130 aetatis
1688 2082 1933 2132 moratur
1957 2090 2026 2132 ac
2054 2074 2289 2132 retinet:

312 2174 573 2217 veremur
595 2159 740 2216 enim
760 2176 833 2215 ne
868 2156 1014 2215 forte
1039 2170 1150 2212 non
1171 2153 1272 2212 has
1307 2152 1661 2229 indignitates
1683 2156 1986 2235 reliquisse
2009 2155 2112 2217 sed
2135 2155 2293 2215 labo-

311 2258 431 2299 rem
453 2239 670 2316 fugisse
701 2240 1002 2299 videamur.
1060 2238 1262 2295 Sumus
1297 2245 1480 2297 tamen
1507 2237 1675 2299 solito
1705 2242 1977 2317 rariores,
2011 2238 2162 2319 quod
2189 2241 2290 2298 ini—

311 2322 448 2383 tium
478 2334 566 2383 est
591 2323 857 2400 gradatim
877 2319 1182 2382 desinendi.
1226 2318 1393 2380 Vale.
2307 2331 2379 2384 25

1245 2418 1367 2479 XV.

801 2515 854 2568 c,
894 2516 1144 2567 PLINIUS
1182 2518 1560 2570 VALERIANO
1596 2519 1714 2570 suo
1748 2519 1798 2569 S.

264 2616 293 2667 1
437 2602 562 2675 Quo
591 2600 756 2660 modo
791 2610 850 2660 te
879 2611 1107 2662 veteres
1147 2600 1318 2664 Marsi
1356 2603 1437 2663 tui
1449 2599 1479 2662 Τ
1521 2622 1633 2684 quo
1664 2604 1831 2664 modo
1863 2607 2073 2684 emptio
2103 2601 2291 2665 nova?

194 2708 202 2716 ·
313 2686 543 2746 Placent
571 2686 721 2762 agri,
746 2694 1041 2763 postquam
1068 2687 1147 2746 tui
1178 2687 1312 2747 facti
1340 2684 1507 2747 sunt?
1554 2687 1757 2747 Rarum
1786 2687 1838 2747 id
1873 2689 2124 2767 quidem:
2154 2688 2289 2749 nihil

262 2772 461 2833 2enim
502 2786 682 2846 aeque
721 2779 933 2845 gratum
978 2780 1065 2829 est
1107 2770 1324 2849 adeptis
1368 2788 1529 2848 quam
1581 2774 2132 2849 concupiscentibus.
2196 2771 2287 2833 Me
2304 2784 2379 2837 30

314 2852 539 2932 praedia
567 2861 809 2912 materna
839 2871 1029 2931 parum
1059 2854 1348 2914 commode
1390 2864 1658 2931 tractant,
1702 2855 1984 2917 delectant
2012 2866 2195 2916 tamen
2232 2867 2290 2916 ut

313 2944 578 3012 materna,
612 2945 669 2995 et
700 2937 906 3015 alioqui
929 2937 1096 3015 longa
1118 2939 1381 3018 patientia
1405 2938 1665 3000 occallui.
1710 2938 1928 3000 Habent
1951 2940 2099 3000 hunc
2125 2941 2289 3000 linem

314 3018 576 3079 adsiduae
609 3020 896 3098 querellae
927 3022 1077 3100 quod
1108 3024 1266 3101 queri
1295 3020 1488 3099 pudet.
1556 3022 1717 3083 Vale.

1220 3137 1372 3199 XVI.

840 3238 894 3289 c.
932 3239 1180 3290 PLiNms
1216 3237 1504 3288 ΑΝΝΙΑΝΟ
1544 3236 1659 3289 suo
1698 3237 1749 3291 S.
2302 3250 2371 3303 35

267 3329 295 3381 1
440 3318 522 3378 Tu
545 3321 766 3400 quidem
793 3341 896 3401 pro
924 3334 1114 3383 cetera
1137 3333 1229 3382 tua
1261 3321 1544 3398 diligentia
1571 3322 1837 3382 admones
1861 3341 1953 3383 me
1985 3322 2283 3383 codicillos

314 3401 583 3483 Aciliani,
620 3408 713 3486 qui
747 3426 835 3468 me
865 3426 937 3467 ex
970 3418 1130 3485 parte
1166 3406 1399 3465 instituit
1437 3405 1736 3483 heredem,
1781 3424 1885 3485 pro
1910 3424 2023 3466 nou
2052 3408 2286 3487 scriptis
