2467 3850
331 160 454 227 252
1173 161 1239 223 C.
1285 161 1474 223 PLINI
1584 145 1589 148 ’

328 338 452 388 res;
502 316 713 395 gratius
737 324 922 375 tamen
951 314 1101 392 quod
1128 315 1338 376 sensim
1367 325 1425 376 et
1452 314 1708 395 placide,
1739 324 1797 376 et
1821 325 2082 394 quantum
2106 334 2304 397 respe-

334 404 596 462 ctantium
624 401 784 461 turba
826 407 1146 477 pateretur,
1186 398 1518 498 incederes,
1562 398 1713 478 quod
1755 403 2164 461 occursantium
2204 419 2305 479 po·

330 484 497 564 pulus
529 494 587 544 te
615 500 878 562 quoque,
909 492 969 542 te
995 482 1161 542 immo
1189 486 1423 544 maxime
1451 491 1690 560 artaret,
1734 483 1887 561 quod
1914 486 2092 562 primo
2127 487 2307 544 statim

332 569 422 629 die
453 569 597 629 latus
624 578 779 628 tuum
809 566 1077 626 crederes
1108 567 1382 627 omnibus.
1424 566 1626 645 Neque
1657 569 1805 626 enim
1836 569 2071 657 stipatus
2096 567 2306 628 satelli-

333 663 448 713 tum
475 670 670 727 manu,
721 650 826 712 sed
855 649 1226 711 circumfusus
1257 650 1500 729 undique
1527 669 1675 709 nunc
1703 661 1929 712 senatus
1960 655 2104 710 nunc
2134 670 2305 729 eque·
2324 665 2356 716 5
2434 691 2437 694 -

331 739 463 797 stris
492 735 698 796 ordinis
728 735 901 810 flore,
930 743 1099 811 prout
1128 732 1452 793 alterutrum
1473 734 1820 811 frequentiae
1843 753 2024 811 genus
2046 734 2306 795 invaluis-

333 829 457 898 set,
499 818 735 878 silentes
768 819 1105 896 quietosque
1140 818 1372 879 lictores
1402 827 1531 879 tuos
1566 818 2023 897 subsequebare:
2054 836 2179 876 nam
2207 821 2305 877 mi-

332 903 463 964 lites
518 902 653 962 nihil
697 920 729 962 a
770 901 944 980 plebe
984 900 1173 961 habitu
1214 900 1610 979 tranquillitate
1648 900 1920 962 modestia
1957 900 2303 962 differebant.

334 986 443 1046 Ubi
470 1004 610 1046 vero
642 987 886 1063 coepisti
915 982 1252 1064 Capitolium
1279 984 1626 1059 ascendere,
1675 1003 1837 1064 quam
1867 984 2013 1045 laeta
2051 985 2305 1047 omnibus

239 1123 246 1134 .
331 1070 647 1148 adoptionis
687 1079 815 1129 tuae
852 1067 1201 1129 recordatio!
1269 1086 1433 1147 quam
1474 1069 1760 1146 peculiare
1803 1068 2062 1146 gaudium
2108 1086 2303 1128 eorum
2322 1078 2385 1131 10

333 1157 426 1233 qui
454 1164 511 1214 te
537 1155 697 1233 primi
726 1151 930 1212 eodem
957 1152 1090 1212 loco
1119 1153 1493 1213 salutaverant
1520 1151 1939 1231 imperatorem!
1971 1151 2117 1225 Quin
2139 1155 2305 1212 etiam

332 1238 495 1298 deum
521 1240 704 1315 ipsum
731 1246 864 1296 tunc
891 1238 1248 1313 praecipuam
1275 1236 1619 1315 voluptatem
1643 1239 1834 1315 operis
1858 1237 1944 1297 sui
1969 1238 2305 1315 percepisse

332 1321 679 1381 crediderim.
736 1319 810 1379 Ut
853 1320 1077 1398 quidem
1103 1320 1284 1404 isdem
1310 1321 1568 1397 vestigiis
1595 1322 1842 1380 institisti
1871 1320 2071 1397 quibus
2100 1337 2306 1418 parens

329 1415 458 1465 tuus
495 1407 695 1481 ingens
739 1401 877 1462 illud
916 1402 1147 1463 deorum
1188 1390 1507 1483 prolaturus
1547 1422 1840 1481 arcanum,
1896 1421 2040 1481 quae
2069 1406 2305 1464 eircum-

330 1489 587 1549 stantium
624 1486 851 1565 gaudia!
902 1505 1065 1565 quam
1102 1505 1309 1547 recens
1354 1487 1590 1548 clamor!
1643 1505 1803 1566 quam
1842 1487 2039 1548 similis
2067 1486 2151 1547 illi
2180 1487 2302 1547 dies
2321 1493 2382 1545 15

331 1572 426 1650 qui
447 1571 594 1631 hunc
615 1573 807 1648 genuit
830 1569 1006 1631 diem!
1033 1581 1093 1631 ut
1121 1571 1289 1650 plena
1317 1570 1613 1649 altaribus,
1643 1581 1875 1649 angusta
1903 1573 2144 1631 victimis
2173 1589 2306 1630 cun·

338 1654 454 1715 cta!
504 1665 566 1715 ut
592 1657 648 1714 in
677 1658 839 1716 unius
870 1654 1104 1715 salutem
1135 1653 1339 1717 collata
1381 1658 1620 1715 omnium
1648 1654 1806 1717 vota!
1855 1672 1979 1714 cum
2009 1655 2116 1715 sibi
2146 1673 2210 1715 se
2237 1673 2308 1715 ac

331 1739 527 1804 liberis
560 1740 676 1800 suis
708 1738 1107 1816 intellegerent
1128 1741 1351 1819 precari
1373 1756 1519 1816 quae
1549 1748 1733 1817 prote
1754 1748 2136 1817 precarentur.
2168 1737 2306 1797 Inde

329 1833 390 1883 tu
431 1826 485 1883 in
519 1822 780 1902 palatium
814 1823 1071 1901 quidem,
1133 1821 1237 1883 sed
1264 1839 1337 1881 eo
1365 1822 1556 1899 vultu
1611 1842 1680 1883 ea
1706 1823 2120 1899 moderatione,
2165 1831 2226 1881 ut
2253 1823 2303 1882 si

330 1909 596 1988 privatam
625 1906 844 1967 domum
874 1916 1135 1985 peteres;
1171 1908 1350 1967 ceteri
1372 1906 1440 1968 ad
1470 1916 1707 1986 penates
1735 1925 1870 1968 suos
1899 1908 2169 1986 quisque,
2197 1908 2302 1967 ite·
2320 1907 2386 1960 20

228 1986 312 2049 24
332 2002 552 2052 raturus
590 1992 777 2069 gaudii
808 1990 1005 2069 fidem,
1048 1992 1144 2051 ubi
1178 1989 1331 2050 nulla
1357 1994 1672 2052 necessitas
1703 1990 1979 2068 gaudendi
2015 2001 2122 2051 est.
2152 1952 2302 2050 bne·
2457 1913 2459 2063 A

328 2086 510 2135 rasset
556 2075 720 2134 alium
768 2077 889 2135 eius
933 2073 1082 2134 modi
1126 2076 1408 2144 introitum
1476 2083 1538 2134 tu
1583 2075 1788 2135 cotidie
1835 2073 2206 2134 admirabilior
2245 2084 2306 2135 et

327 2159 559 2235 melior,
607 2159 734 2218 talis
773 2158 1015 2237 denique
1054 2157 1254 2236 quales
1293 2157 1385 2217 alii
1418 2160 1705 2237 principes
1745 2159 1962 2219 futuros
2002 2176 2067 2217 se
2096 2166 2306 2217 tantum

328 2241 686 2320 pollicentur.
730 2240 924 2301 Solum
944 2258 1083 2319 ergo
1109 2252 1168 2302 te
1198 2241 1546 2305 commendat
1567 2250 1848 2320 augetque
1875 2244 2143 2320 temporis
2172 2258 2301 2318 spa-

326 2327 476 2384 tium.
521 2324 751 2383 Iunxisti
781 2329 928 2384 enim
955 2342 1022 2386 ac
1047 2327 1320 2386 miscuisti
1351 2342 1447 2385 res
1471 2325 1876 2387 diversissimas
1893 2371 1910 2402 ‚
1941 2328 2299 2385 securitatem
2317 2320 2384 2374 25

330 2407 462 2467 olim
495 2409 819 2485 imperantis
849 2418 907 2469 et
938 2411 1258 2487 incipientis
1285 2409 1576 2489 pudorem.
1619 2407 1745 2468 Non
1772 2418 1831 2468 tu
1857 2409 2062 2469 civium
2089 2408 2302 2486 ample-

325 2510 432 2552 xus
466 2491 535 2551 ad
574 2491 753 2570 pedes
782 2501 910 2551 tuos
938 2492 1203 2571 deprimis
1230 2511 1341 2552 nec
1370 2491 1623 2552 osculum
1661 2510 1822 2551 manu
1849 2491 2066 2552 reddis:
2117 2500 2305 2552 manet

324 2576 645 2654 imperatori
684 2593 826 2653 quae
854 2578 1010 2653 prior
1042 2578 1154 2636 oris
1183 2576 1507 2636 humanitas·
1564 2575 1874 2636 Incedebas
1904 2576 2173 2653 pedibus;
2218 2577 2303 2635 iu-

328 2661 514 2720 cedis:
548 2659 843 2720 laetabaris
872 2658 1096 2729 labore;
1130 2660 1385 2720 laetaris:
1416 2661 1612 2719 eadem
1641 2678 1783 2737 quae
1820 2661 1999 2719 omnia
2025 2659 2118 2718 illa
2145 2661 2299 2718 eirca

325 2754 383 2804 te
410 2743 545 2803 nihil
572 2745 636 2803 in
662 2746 789 2822 ipso
812 2753 869 2803 te
899 2743 1116 2804 fortuna
1139 2746 1385 2804 mutavit.
1431 2743 1688 2802 Liberum
1711 2752 1799 2803 est
1819 2742 2168 2820 ingrediente
2192 2743 2384 2821 per30

326 2828 612 2904 publicum
635 2829 892 2905 principe
918 2828 1228 2887 subsistere
1245 2873 1262 2903 ‚
1287 2844 1591 2886 occurrere
1609 2873 1626 2905 ‚
1654 2829 1931 2901 comitari,
1958 2829 2298 2905 praeterire:

324 2911 571 2971 ambulas
600 2913 745 2970 inter
772 2928 911 2987 nos,
942 2929 1053 2970 non
1084 2912 1242 2987 quasi
1276 2912 1594 2987 contingam
1623 2919 1681 2969 et
1710 2912 1929 2989 copiam
1957 2912 2066 2986 tui,
2096 2926 2211 2969 non
2238 2917 2301 2968 ut

322 2993 578 3092 inputes3
629 2993 788 3054 facis.
853 2993 1060 3055 Haeret
1093 2993 1253 3053 lateri
1280 3002 1378 3053 tuo
1410 2995 1662 3071 quisquis
1692 2996 1967 3071 accessit,
2017 2995 2302 3070 finemque

325 3079 568 3135 sermoni
603 3095 737 3138 suus
769 3080 973 3156 cuique
1004 3075 1217 3155 pudor,
1248 3094 1358 3136 non
1387 3086 1480 3137 tua
1513 3077 1779 3154 superbia
1809 3077 1963 3137 facit.
2026 3076 2302 3153 Regimur

325 3156 545 3232 quidem
573 3176 605 3217 a
626 3169 685 3218 te
710 3169 767 3219 et
788 3162 1028 3221 subiecti
1052 3161 1183 3238 tibi,
1213 3159 1317 3220 sed
1352 3159 1811 3238 quemadmodum
1833 3160 2054 3237 legibus
2082 3178 2293 3219 sumus.
2315 3163 2384 3218 35

320 3237 462 3297 Nam
489 3248 546 3298 et
573 3239 704 3301 illae
735 3243 1068 3320 cupiditates
1098 3253 1319 3303 nostras
1351 3242 1724 3322 libidinesque
1752 3243 2138 3319 moderantur,
2194 3260 2298 3302 no·

322 3321 538 3379 hiscum
558 3330 740 3395 tamen
765 3334 822 3384 et
847 3328 994 3385 inter
1012 3342 1117 3385 nos
1145 3336 1456 3386 versantur.
1498 3325 1758 3402 Emines,
1794 3327 2068 3403 excellis,
2101 3336 2162 3386 ut
2191 3325 2298 3385 bo-

320 3419 457 3480 nor,
487 3412 548 3464 ut
574 3413 863 3482 potestas,
909 3425 1052 3486 quae
1082 3425 1258 3487 super
1284 3408 1539 3470 homines
1569 3409 1825 3491 quidem,
1854 3409 2133 3470 hominum
2162 3419 2299 3470 sunt
