2467 3850
627 208 1147 271 PANEGYRICUS
1187 217 1272 273 27.
1302 219 1384 275 28.
1411 219 1497 274 29.
1521 218 1606 274 30.
1978 209 2103 273 255

115 365 226 426 tibi
255 362 517 424 conscius
545 363 616 423 ab
645 364 1014 425 insectatione
1044 364 1167 423 eius
1197 372 1488 423 averteres
1514 362 1744 438 famam,
1775 379 1886 422 nec
1916 370 1978 423 ut
2006 365 2101 424 tri·

117 459 241 509 stes
272 448 550 507 hominum
580 458 940 527 maestosque
969 465 1259 508 sermones
1288 447 1522 507 laetiore
1546 448 1772 506 materia
1795 446 2098 508 detineres.

115 530 342 592 Nullam
373 532 661 607 congiario
691 530 912 608 culpam
930 577 949 608 ,
979 530 1183 590 nullam
1212 530 1488 590 alimentis
1521 528 1906 590 crudelitatem
1937 531 2100 591 rede·

116 617 301 689 misti,
341 633 450 674 nec
478 615 578 674 tibi
620 614 766 674 bene
807 615 1050 675 faciendi
1089 615 1194 674 fuit
1237 632 1408 675 causa
1439 623 1498 673 ut
1531 632 1674 691 quae
1704 612 1847 673 male
1878 614 2102 674 feceras

60 711 94 762 5
116 702 326 777 inpune
355 698 618 758 fecisses.
680 699 857 758 Amor
883 697 1149 777 inpendio
1180 701 1325 776 istc,
1367 715 1480 757 non
1508 700 1673 758 venia
1704 700 1956 776 quaesita
1986 707 2101 774 est,

114 782 478 862 populusque
520 781 801 842 Romanus
835 781 1120 859 obligatus
1150 799 1183 842 a
1211 782 1470 842 tribunali
1509 791 1642 859 tuo,
1692 799 1803 841 non
1833 792 2100 843 exoratus

112 867 381 927 recessit.
428 864 693 927 Obtulisti
724 869 870 926 enim
903 867 1247 943 congiarium
1277 865 1650 943 gaudentibus
1679 866 1965 942 gaudens,
2010 885 2101 926 se·

115 967 403 1028 curusque
433 952 681 1020 securis;
726 950 991 1029 quodque
1022 959 1184 1010 antea
1213 952 1505 1029 principes
1533 949 1603 1009 ad
1635 949 1820 1009 odium
1849 952 1935 1009 sui
1963 948 2101 1009 leni·

116 1034 324 1094 endum
363 1034 701 1094 tumentibus
743 1033 928 1113 plebis
962 1036 1157 1093 animis
1202 1034 1594 1109 obiectabant,
1646 1032 1702 1091 id
1731 1043 1788 1093 tu
1814 1043 1923 1093 tam
1946 1035 2100 1092 inno·

33 1125 97 1176 10
118 1137 261 1178 cens
282 1116 497 1196 populo
521 1117 722 1177 dedisti
745 1137 907 1196 quam
929 1118 1174 1197 populus
1195 1120 1439 1196 accepit.
1484 1116 1654 1177 Paulo
1676 1119 1877 1195 minus,
1910 1127 2100 1194 patres

118 1201 459 1280 conscripti,
492 1204 737 1281 quinque
758 1202 907 1262 milia
930 1205 1300 1279 ingenuorum
1328 1201 1586 1278 fuerunt,
1621 1219 1767 1280 quae
1796 1200 2100 1261 liberalitas

116 1287 390 1366 principis
430 1287 607 1345 nostri
641 1289 1008 1365 conquisivit,
1059 1287 1305 1363 invenit,
1357 1285 1613 1346 adscivit.
1685 1284 1755 1344 Hi
1794 1284 2101 1346 subsidium

116 1368 430 1447 bellorum,
482 1381 860 1430 ornamentum
889 1374 1048 1449 pacis
1077 1370 1322 1449 publicis
1353 1370 1666 1447 sumptibus
1699 1369 1951 1446 aluntur,
2005 1386 2100 1446 pa-

117 1456 392 1531 triamque
421 1470 534 1512 non
564 1463 624 1513 ut
650 1457 879 1532 patriam
921 1463 1127 1514 tantum
1156 1471 1351 1513 verum
1379 1464 1440 1514 ut
1469 1454 1723 1515 altricem
1751 1472 1935 1514 amare
1969 1470 2102 1513 con-

31 1547 95 1599 15
115 1538 360 1597 discunt.
397 1535 488 1595 Ex
516 1536 602 1596 his
632 1547 846 1615 castra,
881 1556 955 1597 ex
981 1538 1067 1597 his
1091 1538 1270 1597 tribus
1301 1536 1701 1616 replebuntur,
1732 1556 1805 1598 ex
1826 1538 1913 1599 his
1931 1552 2101 1615 quan-

115 1622 304 1699 doque
330 1631 629 1681 nascentur
652 1621 853 1699 quibus
875 1620 1146 1681 alimentis
1173 1638 1319 1699 opus
1341 1638 1452 1679 non
1481 1624 1572 1681 sit.
1620 1620 1770 1680 Dent
1798 1622 1894 1680 tibi
1910 1665 1927 1697 ,
1962 1619 2104 1681 Cae-

115 1724 243 1781 sar,
283 1713 521 1764 aetatem
549 1705 624 1764 dii
653 1723 814 1782 quam
843 1705 1077 1764 mereris
1094 1750 1111 1780 ,
1166 1713 1507 1782 serventque
1536 1706 1772 1765 animum
1801 1723 1968 1781 quem
2007 1704 2104 1766 de-

117 1788 348 1848 derunt:
387 1797 444 1847 et
474 1798 678 1865 quanto
714 1790 978 1847 maiorem
1007 1789 1291 1848 infantium
1323 1788 1540 1847 turbam
1570 1790 1771 1847 iterum
1803 1797 1971 1866 atque
2001 1790 2103 1846 ite-

114 1891 241 1933 rum
267 1871 487 1932 videbis
516 1872 712 1932 incidi!
765 1872 1025 1949 Augetur
1054 1875 1200 1932 enim
1233 1871 1439 1932 cotidie
1470 1880 1528 1932 et
1561 1873 1803 1947 crescit,
1834 1887 1946 1930 non
1978 1872 2105 1949 quia

25 1974 95 2025 20
117 1960 371 2017 cariores
400 1956 725 2034 parentibus
756 1956 951 2031 liberi,
985 1957 1088 2017 sed
1118 1959 1246 2036 quia
1274 1958 1518 2035 principi
1550 1958 1723 2016 cives.
1764 1954 1938 2015 Dabis
1972 1971 2104 2014 con-

112 2041 325 2119 giaria,
359 2042 406 2098 si
436 2038 630 2108 voles;
663 2040 977 2118 praestabis
1012 2039 1305 2117 alimenta,
1338 2042 1386 2101 si
1416 2039 1609 2099 voles:
1652 2038 1733 2099 illi
1762 2048 1946 2099 tamen
1973 2056 2103 2117 pro-

113 2135 247 2205 pter
273 2134 330 2183 te
361 2133 679 2184 nascuntur.

240 2207 420 2269 Instar
462 2225 575 2286 ego
630 2209 891 2288 perpetui
940 2209 1208 2285 congiarii
1253 2226 1386 2269 reor
1432 2207 1783 2268 adfluentium
1827 2223 2098 2266 annonae.
2122 2205 2203 2269 29

112 2292 292 2353 Huius
323 2292 617 2371 aliquando
649 2312 782 2354 cura
811 2291 1081 2371 Pompeio
1114 2311 1224 2353 non
1258 2295 1437 2353 minus
1466 2291 1674 2352 addidit
1700 2291 1916 2368 gloriae
1941 2309 2102 2369 quam

23 2396 94 2447 25
113 2375 316 2456 pulsus
352 2378 585 2438 ambitus
619 2394 850 2457 campo,
889 2387 1121 2438 exactus
1152 2378 1331 2438 hostis
1360 2379 1537 2455 mari,
1582 2376 1782 2436 Oriens
1809 2375 2103 2454 triumphis

116 2460 517 2540 Occidensque
546 2462 830 2522 lustratus.
872 2461 996 2521 Nec
1025 2479 1163 2522 vero
1192 2461 1292 2521 ille
1324 2461 1544 2522 civilius
1575 2479 1737 2539 quam
1767 2478 1972 2539 parens
2002 2476 2102 2519 no-

114 2554 239 2606 ster
278 2548 607 2606 auctoritate
650 2544 889 2605 consilio
930 2545 1039 2605 fide
1079 2545 1319 2606 reclusit
1346 2549 1500 2623 vias,
1551 2555 1749 2624 portus
1779 2550 1910 2623 pate
1940 2544 2100 2618 fecit,

113 2631 316 2689 itinera
344 2632 509 2688 terris
526 2672 544 2703 ,
578 2628 833 2688 litoribus
860 2646 1045 2704 mare,
1076 2630 1240 2690 litora
1266 2632 1402 2689 mari
1431 2629 1706 2704 reddidit,
1738 2627 2104 2704 diversasque

113 2721 323 2791 gentes
352 2714 428 2771 ita
461 2713 798 2770 commercio
826 2714 1049 2772 miscuit
1076 2722 1170 2789 ut,
1214 2713 1363 2790 quod
1393 2714 1639 2789 genitum
1665 2720 1821 2770 esset
1848 2727 2103 2787 usquam,

22 2818 97 2871 30
112 2797 171 2856 id
200 2794 347 2873 apud
377 2812 571 2854 omnes
597 2794 783 2854 natum
811 2813 943 2854 esse
971 2794 1273 2854 videretur.
1330 2795 1530 2855 Nonne
1572 2812 1808 2853 cernere
1851 2792 2011 2852 datur
2045 2801 2105 2851 ut

114 2884 241 2942 sine
264 2877 434 2938 ullius
457 2881 650 2938 iniuria
673 2879 851 2937 omnis
875 2877 1067 2936 usibus
1090 2880 1300 2939 nostris
1330 2897 1505 2938 annus
1530 2874 1845 2937 exuberet?
1878 2874 2104 2954 Quippe

113 2982 229 3025 non
258 2973 319 3023 ut
349 2982 423 3023 ex
441 2963 662 3023 hostico
687 2971 879 3040 raptae
907 2964 1300 3039 perituraeque
1329 2964 1384 3021 in
1413 2963 1629 3021 horreis
1657 2979 1878 3020 messes
1909 2962 2103 3038 nequi·
2177 2974 2182 2979 ·

118 3067 285 3127 quam
314 3047 696 3127 quiritantibus
727 3048 899 3106 sociis
930 3047 1269 3105 auferuntur.
1313 3045 1612 3105 Devehunt
1639 3046 1748 3125 ipsi
1776 3043 1927 3123 quod
1955 3054 2104 3104 terra

117 3135 335 3211 genuit,
366 3131 516 3211 quod
544 3131 697 3192 sidus
726 3130 882 3207 aluit,
915 3129 1066 3209 quod
1091 3147 1265 3190 annus
1290 3130 1437 3207 tulit,
1469 3147 1579 3189 nec
1606 3131 1767 3189 novis
1792 3129 2103 3189 indictioni·

22 3232 97 3285 35
114 3219 226 3278 bus
253 3219 436 3295 pressi
465 3216 533 3276 ad
557 3226 753 3276 vetera
783 3216 985 3275 tributa
1014 3214 1297 3275 deficiunt.
1352 3213 1501 3274 Emit
1530 3215 1702 3274 fiscus
1731 3213 1994 3292 quidquid
2020 3217 2100 3273 vi·

119 3302 286 3362 detur
316 3319 524 3362 emere.
591 3297 728 3361 Inde
760 3301 993 3377 copiae,
1043 3298 1174 3358 inde
1197 3316 1445 3376 annona,
1498 3297 1570 3358 de
1600 3315 1708 3377 qua
1747 3299 1894 3357 inter
1925 3297 2098 3369 licen-

116 3396 237 3446 tem
263 3387 710 3463 vendentemque
744 3385 1072 3461 conveniat,
1103 3383 1231 3443 inde
1256 3383 1351 3443 hic
1376 3385 1602 3445 satietas
1620 3427 1637 3460 ,
1675 3400 1784 3441 nec
1804 3381 1988 3441 fames·
2006 3399 2098 3440 us·

120 3487 306 3550 quam.
339 3469 638 3549 Aegyptus
662 3468 876 3531 alendis
896 3468 1281 3549 augendisque
1305 3467 1606 3539 seminibus
1633 3468 1710 3528 ita
1738 3466 1974 3545 gloriata
2004 3471 2094 3524 est
2116 3461 2200 3525 30
