2467 3850
337 194 465 259 244
1165 197 1232 258 C.
1277 196 1467 258 PLINI

336 348 785 410 vindicaverunt:
814 348 1009 408 horum
1037 365 1213 428 opus,
1244 351 1443 410 horum
1468 349 1608 409 illud
1634 350 1951 429 imperium
1981 346 2169 410 Nerva
2197 358 2324 409 tan·

333 442 452 494 tum
479 433 732 492 minister
759 432 889 493 fuit:
920 435 1112 510 utiquc
1144 434 1235 511 qui
1267 433 1557 513 adoptaret
1585 444 1699 494 tam
1729 435 1913 512 paruit
1941 451 2102 511 quam
2129 443 2191 493 tu
2220 436 2323 511 qui

333 516 708 596 adoptabaris.
771 515 974 575 Adlata
1000 525 1120 576 erat
1149 535 1224 577 ex
1253 516 1529 578 Pannonia
1556 515 1766 593 laurea,
1797 516 1854 576 id
1883 517 2179 594 agentibus
2210 515 2323 576 diis

333 611 396 661 ut
422 599 614 660 invicti
636 600 984 677 imperatoris
1006 609 1262 660 exortum
1282 602 1552 661 victoriae
1573 601 1795 678 insigne
1816 600 2126 661 decoraret.
2158 598 2322 660 Hanc

331 685 634 763 imperator
661 681 849 743 Nerva
876 685 933 743 in
960 686 1176 760 gremio
1201 682 1353 745 Iovis
1386 685 1744 761 conlocarat,
1784 702 1910 743 cum
1949 692 2188 765 repente
2217 701 2317 744 so-
2336 692 2374 745 5

331 767 435 828 lito
473 768 648 827 maior
685 777 743 828 et
782 768 1105 845 angustior,
1145 766 1418 829 advocata
1446 768 1728 829 hominum
1757 769 2022 828 contione
2055 767 2318 828 deorum-

334 870 481 931 que,
522 860 583 911 te
615 849 786 910 filium
814 851 955 928 sibi,
1002 850 1114 911 hoc
1144 859 1235 911 est
1263 853 1489 912 unicum
1528 851 1789 912 auxilium
1819 851 1989 912 fessis
2019 851 2192 911 rebus
2218 850 2318 911 ad·

333 935 589 1015 sumpsit.
659 932 797 994 Inde
819 936 978 1012 quasi
1008 934 1250 1014 depositi
1274 937 1494 1013 imperii
1525 953 1634 1014 qua
1662 937 1967 997 securitate
1997 953 2104 1013 qua
2131 934 2317 1012 gloria

334 1018 521 1080 laetus
563 1018 719 1097 (nam
760 1017 1081 1096 quantulum
1105 1019 1285 1079 refert
1317 1017 1570 1098 deponas
1600 1037 1669 1080 an
1697 1020 1950 1098 partiaris
1979 1014 2316 1097 imperinm?

331 1103 441 1164 nisi
467 1100 620 1182 quod
647 1100 928 1163 difficilius
957 1102 1070 1162 hoc
1098 1104 1247 1181 est),
1289 1120 1402 1164 non
1431 1120 1601 1164 secus
1629 1121 1697 1163 ac
1730 1104 2015 1182 praesenti
2042 1101 2143 1162 tibi
2171 1102 2313 1161 inni·
2334 1114 2405 1167 10

330 1204 470 1263 xus,
520 1186 630 1247 tuis
657 1187 864 1246 umeris
895 1204 958 1246 se
991 1187 1339 1265 patriamque
1368 1196 1725 1263 sustentans,
1777 1196 1874 1247 tua
1898 1188 2154 1261 inventa,
2211 1195 2310 1245 tuo

331 1271 538 1330 robore
571 1268 818 1329 invaluit.
863 1270 1058 1330 Statim
1087 1269 1345 1330 consedit
1374 1271 1551 1332 omnis
1573 1270 1857 1331 tumultus.
1910 1268 2037 1329 Non
2056 1267 2314 1348 adoptio·

331 1356 419 1415 nis
460 1369 604 1433 opus
644 1352 793 1413 istud
820 1353 954 1430 fuit,
1003 1352 1108 1414 sed
1134 1352 1410 1433 adoptati3
1462 1363 1627 1433 atque
1658 1352 1801 1414 adeo
1841 1363 2057 1414 temere
2095 1353 2313 1413 fecerat

332 1437 553 1516 Nerva,
585 1436 634 1496 si
662 1435 988 1515 adoptasset
1017 1435 1200 1497 alium.
1261 1436 1506 1499 Oblitine
1536 1455 1727 1499 sumus
1758 1447 1819 1498 ut
1848 1454 2030 1516 nuper
2056 1445 2189 1515 post
2213 1434 2309 1495 ad-

334 1521 621 1597 optionem
659 1538 770 1580 non
811 1521 1042 1581 desierit
1082 1520 1317 1598 seditio,
1371 1520 1478 1582 sed
1521 1517 1821 1601 coeperit?
1899 1520 2398 1589 Inritamentum15

334 1602 484 1664 istud
508 1605 709 1664 irarum
751 1613 809 1664 et
845 1604 940 1665 fax
969 1604 1234 1666 tumultus
1267 1606 1499 1682 fuisset,
1539 1607 1647 1666 nisi
1672 1604 1963 1666 incidisset
1991 1606 2045 1664 in
2073 1614 2152 1664 te.
2220 1603 2312 1662 An

334 1688 559 1748 dubium
587 1697 676 1748 est
700 1697 760 1748 ut
788 1687 921 1749 dare
943 1697 1148 1767 posset
1167 1689 1461 1767 imperium
1485 1692 1790 1767 imperator
1819 1689 1913 1766 qui
1939 1687 2314 1748 reverentiam

332 1774 594 1832 amiserat
632 1774 960 1834 auctoritate
1007 1774 1130 1833 eius
1176 1773 1445 1833 effectum
1481 1775 1570 1832 cui
1604 1768 1871 1833 dabatur?
1936 1771 2111 1832 Simul
2139 1769 2307 1846 filius,

332 1855 495 1917 simul
525 1853 769 1935 Caesar,
798 1873 931 1917 mox
958 1857 1261 1937 imperator
1288 1866 1346 1917 et
1376 1874 1611 1918 consors
1642 1855 1968 1917 tribuniciae
1992 1854 2307 1936 potestatis,

334 1950 394 2002 et
435 1942 616 2002 omnia
665 1943 876 2020 pariter
916 1951 976 2001 et
1017 1943 1201 2002 statim
1243 1940 1424 2001 factus
1467 1960 1566 2018 es,
1628 1958 1772 2020 quae
1811 1942 2065 2020 proxime
2105 1949 2402 2018 parens20

272 2030 314 2093 9
334 2043 504 2086 verus
545 2034 754 2085 tantum
792 2027 848 2085 in
886 2024 1120 2086 alterum
1160 2023 1334 2085 filium
1377 2026 1631 2087 contulit.
1715 2023 1979 2102 Magnum
2022 2023 2133 2083 hoc
2180 2032 2308 2082 tuae

331 2108 729 2170 moderationis
760 2108 1048 2186 indicium,
1093 2109 1247 2188 quod
1274 2125 1385 2169 non
1412 2109 1595 2170 solum
1623 2125 1928 2172 successor
1955 2108 2175 2186 imperii
2205 2105 2309 2165 sed

331 2194 621 2271 particeps
652 2194 817 2252 etiam
843 2193 1150 2272 sociusque
1181 2191 1459 2272 placuisti.
1527 2191 1668 2253 Nam
1709 2208 2049 2269 successor,
2094 2191 2309 2251 etiamsi

331 2274 500 2351 nolis,
529 2275 818 2335 habendus
848 2286 967 2345 est;
995 2293 1106 2336 non
1133 2285 1224 2337 est
1252 2276 1543 2338 habendus
1570 2277 1797 2354 socius,
1829 2277 1934 2336 nisi
1960 2275 2125 2336 velis.
2170 2270 2307 2334 Cre-

334 2358 539 2419 dentne
582 2361 803 2438 posteri-
833 2361 1068 2437 patricio
1106 2369 1165 2421 et
1208 2360 1492 2421 consulari
1531 2370 1590 2421 et
1617 2359 1930 2438 triumphali
1962 2368 2121 2438 patre
2153 2359 2398 2434 geni-25

331 2454 480 2519 tum,
536 2460 661 2501 cum
699 2442 1062 2503 fortissimum
1091 2445 1489 2524 amplissimum
1518 2446 1948 2505 amantissimum
1974 2444 2060 2502 sui
2088 2442 2308 2501 exerci-

332 2537 448 2588 tum
494 2536 755 2604 regeret,
814 2528 1209 2606 imperatorem
1249 2547 1361 2589 non
1401 2529 1471 2589 ab
1513 2530 1767 2589 exercitu
1805 2523 2051 2587 factum?
2105 2524 2311 2599 eidem,

334 2630 461 2672 cum
497 2610 822 2671 Germaniae
863 2612 1248 2691 praesideret,
1293 2610 1604 2673 Germanici
1643 2627 1850 2671 nomen
1881 2610 2010 2670 hinc
2039 2605 2310 2670 missum?

330 2695 467 2757 nihil
495 2698 674 2774 ipsum
706 2705 765 2757 ut
793 2697 1094 2774 imperator
1121 2697 1283 2757 lieret
1310 2693 1598 2773 agitasse?
1626 2694 1762 2755 nihil
1793 2695 2007 2757 fecisse
2031 2695 2135 2753 nisi
2161 2692 2310 2770 quod

330 2782 532 2841 meruit
564 2791 623 2842 et
653 2776 875 2859 paruit?
939 2779 1172 2841 Paruisti
1202 2782 1380 2857 enim,
1433 2778 1675 2856 Caesar,
1728 2789 1787 2840 et
1826 2778 1896 2839 ad
1939 2778 2398 2856 principatum3o

332 2865 609 2943 obsequio
639 2864 977 2942 pervenisti,
1006 2863 1257 2943 nihilque
1281 2866 1459 2941 magis
1488 2882 1520 2923 a
1540 2874 1598 2924 te
1629 2864 1872 2924 subiecti
1899 2863 2080 2922 animo
2106 2861 2313 2920 factum

331 2955 422 3007 est
454 2965 618 3025 quam
644 2948 795 3026 quod
824 2949 1102 3026 imperare
1133 2949 1391 3026 coepisti.
1436 2945 1550 3008 Iam
1580 2946 1820 3024 Caesar,
1850 2948 1956 3006 iam
1986 2947 2309 3023 imperator,

330 3030 439 3088 iam
487 3029 885 3109 GermanicuS,
932 3031 1141 3092 absens
1180 3041 1242 3091 et
1279 3033 1539 3110 ignarus,
1603 3041 1660 3091 et
1702 3041 1832 3110 post
1875 3039 2024 3090 tanta
2069 3030 2309 3105 nomina,

332 3122 591 3189 quantum
623 3114 693 3174 ad
720 3124 776 3175 te
806 3116 1086 3194 pertinet,
1121 3117 1391 3193 privatus.
1449 3114 1710 3192 Magnum
1733 3114 2053 3188 videretur,
2085 3113 2134 3172 si
2157 3111 2309 3171 dice·

330 3212 452 3253 rem
481 3193 730 3258 Nescisti
757 3208 814 3259 te
845 3200 1233 3277 imperatorem
1262 3200 1528 3259 futurum:
1570 3216 1697 3259 eras
1727 3199 2060 3277 imperator,
2091 3206 2149 3256 et
2177 3212 2308 3255 esse
2325 3205 2400 3259 35

334 3287 391 3336 te
424 3281 744 3341 nesciebas.
785 3281 861 3341 Ut
886 3299 1026 3344 vero
1052 3281 1124 3341 ad
1150 3292 1210 3342 te
1240 3282 1495 3343 fortunae
1523 3292 1652 3342 tuae
1682 3284 1902 3341 nuntius
1924 3282 2109 3357 venit,
2139 3277 2310 3339 male·

332 3360 437 3421 bas
467 3361 693 3440 quidem
717 3362 830 3423 hoc
861 3382 993 3424 esse
1024 3364 1176 3442 quod
1204 3365 1425 3442 fueras,
1468 3364 1572 3426 sed
1608 3382 1722 3425 non
1753 3374 1871 3425 erat
1898 3363 2150 3425 liberum.
2222 3363 2312 3422 An

333 3459 444 3503 non
472 3444 873 3520 obsequereris
903 3448 1146 3526 principi
1179 3449 1353 3525 ciris,
1384 3449 1606 3526 legatus
1634 3450 1986 3529 imperatori,
2030 3447 2177 3509 filius
2208 3464 2312 3525 pa-
