2467 3850
950 249 1420 303 PRAEFATIO.
2161 266 2215 303 xl

125 421 294 479 genere
312 406 532 461 universo
546 448 560 470 ,
604 405 733 476 quod
753 412 828 460 est
847 405 908 460 de
928 406 1228 477 singulorum
1247 405 1590 461 vocabulorum
1610 406 1841 476 scriptura
1853 448 1867 470 ,
1902 409 2125 478 quoniam
2145 411 2218 467 di·

123 506 298 545 versam
318 505 345 544 a
364 489 550 560 vulgari
572 489 757 543 ratione
776 505 868 560 qua
888 505 1017 544 nunc
1047 489 1239 558 plurimi
1272 495 1471 544 utuntur
1502 490 1720 561 regulam
1757 489 1999 546 observavi
2012 534 2026 556 ,
2068 495 2218 550 satius

123 575 229 631 duxi
283 573 717 644 antiquissimorum
769 571 1068 627 librariorum
1135 573 1529 628 consuetudinem
1582 574 1718 644 sequi
1770 588 1913 644 quam
1953 576 2215 632 recentium

122 658 539 728 grammaticorum
560 657 858 726 diligentiam
877 662 927 710 et
947 671 1144 726 pravum
1165 656 1459 711 constantiae
1483 657 1690 712 studium
1710 658 1884 712 imitari
1896 699 1909 722 ,
1954 673 2014 714 eo
2054 666 2216 716 tamen

124 748 491 811 temperamento
513 739 723 794 adhibito
745 745 801 794 ut
817 740 994 794 rariora
1012 740 1106 794 nisi
1137 740 1464 795 consentiente
1481 738 1695 795 Mediceo
1729 747 1779 794 et
1799 740 2025 797 Vaticano
2049 744 2215 799 codice

120 841 211 880 non
233 824 551 879 admitterem.
591 829 832 893 praeterea
851 824 899 877 in
920 824 1226 892 disponendis
1244 824 1458 893 epistulis
1482 822 1682 879 Medicei
1701 823 1882 880 codicis
1903 826 2117 881 ordinem
2134 843 2212 883 se-

119 915 254 963 cutus
274 923 411 963 sum:
440 922 535 978 quo
562 907 742 962 sactum
761 912 835 961 est
854 908 977 962 utin
998 908 1162 978 quinto
1183 908 1323 972 libro,
1345 922 1457 962 cum
1477 906 1769 977 perturbatio
1792 923 1820 963 e
1838 910 2109 966 recentibus
2132 927 2214 967 co·

118 991 298 1047 dicibus
320 997 583 1062 propagata
603 1006 666 1044 ne
685 990 744 1046 ab
765 991 884 1045 Aldo
905 990 1095 1061 quidem
1109 1033 1123 1057 ,
1168 992 1250 1062 qui
1284 1006 1463 1046 nonum
1494 990 1669 1046 librum
1691 993 1872 1062 primus
1891 994 1940 1048 in
1962 995 2213 1064 pristinum

120 1076 332 1131 ordinem
351 1075 573 1139 restituit,
595 1074 780 1129 sublata
799 1080 939 1138 esset,
963 1090 990 1129 a
1011 1074 1197 1147 vulgari
1216 1088 1418 1130 numero
1438 1075 1757 1131 recedendum
1779 1083 1919 1132 esset.
1961 1094 2111 1134 unum
2131 1079 2214 1136 ad·

118 1159 326 1214 dendum
349 1165 425 1213 est
448 1158 510 1213 de
529 1159 802 1214 nominibus
823 1174 990 1213 eorum
1009 1159 1069 1214 ad
1080 1174 1201 1230 quos
1221 1159 1451 1229 epistulae
1472 1160 1678 1229 scriptae
1695 1166 1823 1215 sunt.
1845 1161 1895 1215 in
1916 1162 2088 1232 quibus
2102 1178 2211 1219 cum

116 1249 163 1297 et
189 1249 304 1298 octo
326 1248 376 1297 et
393 1256 567 1297 novem
588 1242 816 1298 librorum
835 1242 1122 1312 exemplaria
1136 1242 1417 1313 plerumque
1433 1243 1538 1298 sola
1555 1244 1841 1315 cognomina
1857 1286 1871 1308 ,
1893 1259 2001 1300 raro
2021 1248 2212 1302 nomina

117 1327 396 1390 exhibeant,
435 1326 591 1381 solum
613 1332 806 1381 centum
827 1326 1134 1396 epistularum
1155 1327 1398 1398 exemplar
1417 1332 1613 1398 utraque
1632 1329 1850 1384 servavit.
1897 1329 2062 1400 itaque
2082 1331 2134 1385 in
2153 1332 2211 1386 iis

116 1410 329 1481 epistulis
348 1411 396 1464 in
417 1409 587 1480 quibus
605 1417 858 1481 utrumque
878 1425 1054 1464 nomen
1074 1416 1156 1465 aut
1173 1410 1501 1467 inFloreutino
1522 1411 1689 1465 codice
1708 1411 1937 1482 scriptum
1958 1419 2042 1469 aut
2060 1429 2121 1468 ex
2139 1415 2213 1469 in-

115 1495 222 1550 dice
240 1493 552 1549 Riccardiano
575 1493 853 1553 adnotatum
872 1494 1045 1558 inveni,
1072 1494 1286 1558 restit-uh
1321 1495 1405 1550 uhi
1427 1495 1699 1550 coniectura
1718 1497 2064 1567 assequendum
2091 1509 2209 1560 erat,

115 1593 403 1649 ‹piamquam
440 1577 645 1633 Plioium
665 1577 758 1633 duo
777 1579 968 1632 nomina
987 1578 1164 1649 ubique
1194 1579 1411 1649 posuisse
1430 1577 1657 1642 arbitror,
1702 1587 1949 1649 propterea
1990 1582 2118 1652 quod
2161 1583 2209 1637 in

116 1661 339 1717 omnibus
357 1677 455 1716 non
476 1662 639 1731 potui,
679 1667 845 1716 contra
865 1661 1085 1717 codicum
1105 1661 1250 1716 fidem
1270 1676 1500 1732 reponere
1516 1663 1663 1717 nolui.
1706 1664 1784 1717 cui
1833 1664 2024 1735 quidem
2066 1666 2210 1720 detri-

32 1811 33 1831 Χ
115 1752 278 1800 mento
298 1745 456 1801 indice
474 1747 722 1800 nominum
740 1746 957 1801 subiecto
969 1787 983 1809 ,
1017 1746 1059 1799 si
1078 1746 1222 1800 modo
1246 1753 1376 1801 certa
1395 1746 1464 1800 rei
1483 1746 1657 1801 indicia
1678 1753 1812 1800 erant
1832 1750 1969 1814 (nam
1988 1748 2210 1819 probabi-

30 1838 35 1845 ·
115 1830 298 1885 litatem
321 1844 383 1884 ne
402 1830 453 1885 in
472 1830 555 1884 illo
577 1829 768 1901 quidem
787 1830 921 1900 sequi
941 1829 1127 1896 volui),
1172 1829 1434 1884 remedium
1454 1835 1669 1899 paratum
1682 1835 1778 1884 at.

241 1913 469 1985 Longum
487 1919 561 1973 est
580 1918 629 1968 et
649 1913 708 1969 ab
726 1911 866 1969 buius
884 1904 1104 1969 editionis
1125 1913 1324 1970 consilio
1344 1913 1550 1969 alienum
1576 1913 1688 1984 quid
1711 1930 1738 1968 a
1760 1912 1995 1982 prioribus
2016 1914 2209 1972 editori·

113 1998 202 2053 bus
222 1999 506 2068 praestitum
525 1999 589 2056 sit
607 2013 872 2055 recensere.
935 1998 1123 2069 itaque,
1146 2004 1200 2053 ut
1219 2012 1457 2053 summam
1477 1998 1547 2052 rei
1569 1998 1724 2052 dicam
1737 2040 1750 2061 ,
1772 1995 1887 2051 Aldu·
1909 2003 1957 2051 et
1980 1997 2207 2054 Catum

114 2082 350 2137 editiones
371 2082 507 2151 (nam
528 2082 588 2137 de
608 2082 949 2154 antiquioribus
968 2093 1109 2152 supra
1132 2082 1314 2138 dictum
1334 2082 1434 2150 est)
1454 2082 1627 2151 partim
1647 2082 1865 2153 integrae
1881 2082 2053 2151 partim
2074 2082 2207 2137 iden-

113 2166 262 2220 tidem
281 2172 494 2220 mutatae
513 2171 652 2222 sexto
672 2166 857 2221 decimo
876 2166 1068 2222 saeculo
1088 2180 1116 2220 a
1135 2167 1299 2222 multis
1321 2167 1547 2237 repetitae
1566 2171 1693 2221 sunt.
1758 2166 2007 2237 egregiam
2047 2173 2207 2222 autem

112 2265 310 2320 operam
330 2249 426 2304 hoc
441 2256 659 2319 tempore
676 2249 828 2305 Plinio
848 2249 1083 2320 praestitit
1102 2247 1299 2305 Isaac-m
1320 2248 1626 2305 Gctsoeuboms
1642 2292 1656 2313 ,
1700 2250 1835 2304 cuius
1855 2250 2209 2305 emendationes

108 2335 156 2388 in
175 2330 623 2405 Hem-iciStepleani
642 2333 847 2389 editione
871 2334 1016 2389 altera
1036 2349 1160 2389 anno
1178 2336 1306 2392 1591
1334 2334 1458 2389 sacta
1478 2334 1684 2404 primum
1703 2334 1856 2389 editae
1876 2340 2003 2389 sunt.
2039 2335 2209 2390 deinde

108 2416 261 2472 lamas·
280 2415 526 2483 Gnaeus,
549 2419 630 2490 qui
650 2434 773 2475 anno
798 2420 928 2475 1611
951 2418 1156 2473 Plinium
1177 2418 1325 2474 edidit
1347 2426 1395 2472 et
1413 2417 1625 2473 Palatino
1647 2418 1813 2473 codice
1834 2418 1894 2473 ad
1915 2418 2208 2474 emendatio·

108 2517 220 2555 nem
242 2500 457 2556 adhibito
478 2502 610 2571 plura
630 2517 771 2573 quam
791 2502 972 2571 priores
990 2502 1194 2565 novavit,
1218 2503 1473 2557 maximam
1494 2502 1617 2573 apud
1637 2508 1854 2572 posteros
1876 2503 2208 2558 auctoritatem

109 2592 282 2640 nactus
314 2591 406 2641 est.
468 2600 574 2640 eam
595 2587 722 2640 enim
742 2584 998 2642 editionem
1017 2586 1051 2640 ii
1078 2587 1161 2656 qui
1180 2593 1347 2656 postea
1373 2584 1577 2641 Plinium
1599 2586 1845 2641 edidertmt
1858 2627 1871 2650 ,
1915 2585 2200 2648 Buchnems.

110 2667 335 2734 Rivims,
370 2668 659 2734 Thomasius,
680 2668 925 2733 cellaritae,
946 2671 1040 2733 alii,
1063 2670 1129 2724 ita
1149 2670 1303 2724 secuti
1322 2675 1448 2734 sunt,
1468 2675 1524 2723 ut
1537 2668 1725 2724 Gruteri
1735 2671 1952 2740 exemplo
1963 2676 2205 2740 tamquam

107 2753 424 2808 fundamento
454 2753 716 2823 scripturae
746 2754 821 2807 usi
852 2769 1002 2823 pauca
1033 2754 1109 2808 vel
1133 2754 1404 2809 coniectura
1434 2754 1510 2808 vel
1539 2753 1600 2807 de
1631 2754 1875 2808 codicibus
1908 2760 1958 2807 et
1977 2752 2206 2822 exemplis

30 2885 31 2912 ᾖ
107 2844 216 2891 ante
265 2837 512 2907 impressis
552 2843 806 2893 mutarent.
863 2837 1157 2892 emendando
1186 2843 1347 2893 autem
1369 2842 1556 2892 ceteros
1572 2837 1827 2907 superabat
1845 2834 1913 2891 10.
1934 2835 2206 2893 Fridevicus

106 2918 396 2986 Gronovius,
422 2921 558 2976 cuius
571 2921 941 2976 adnotationes
927 2938 975 2976 m
997 2921 1204 2977 editione
1222 2920 1477 2975 Veenhusii
1497 2935 1619 2974 anno
1637 2924 1772 2978 1669
1792 2920 2001 2976 exhibita
2018 2920 2205 2991 prodie-

106 3011 236 3060 runt.
268 3020 439 3060 verum
453 3011 502 3059 et
521 3005 651 3059 hunc
669 3011 719 3061 et
738 3005 946 3076 reliquos
967 3020 1133 3060 omnes
1150 3019 1249 3059 non
1268 3005 1505 3059 intellecta
1525 3004 1755 3059 librorum
1774 3005 2076 3075 interpolatio
2096 3019 2201 3075 pro-

105 3088 264 3144 hibuit
283 3105 384 3160 quo
404 3089 563 3143 minus
586 3089 825 3144 feliciter
810 3105 860 3143 m
878 3089 952 3143 bis
984 3088 1196 3159 epistulis
1215 3094 1526 3143 versarentur.
1548 3103 1673 3143 unus
1683 3086 1871 3144 Cor-lius
1890 3090 2001 3161 quid
2021 3104 2099 3143 res
2119 3102 2208 3158 po-

103 3173 310 3227 stularet
329 3173 575 3243 perspexit
594 3178 643 3228 et
660 3173 842 3229 idoneis
875 3172 1098 3228 subsidiis
1128 3172 1389 3226 instructus
1419 3185 1593 3226 novam
1623 3172 1949 3227 recensionem
1980 3171 2205 3241 suscepit.

30 3285 31 3288 ¹
102 3256 232 3311 edita
259 3264 423 3312 autem
446 3261 521 3310 est
541 3257 644 3311 eius
677 3257 821 3312 editio
844 3262 955 3327 post
983 3263 1188 3311 mortem
1208 3255 1359 3310 Cottii
1394 3255 1452 3309 ab
1478 3254 1713 3326 Longolio
1746 3271 1869 3310 anno
1908 3258 2058 3314 1734.
2121 3254 2207 3309 sed

102 3355 216 3395 cum
240 3340 449 3395 Medicei
469 3340 648 3395 codicis
666 3340 877 3395 bonitate
895 3345 1062 3409 captus
1080 3339 1209 3394 hunc
1241 3354 1389 3394 unum
1420 3338 1783 3410 integerrimum
1811 3340 2071 3408 scripturae
2100 3338 2208 3392 fon·

99 3429 201 3478 tem
224 3424 411 3495 ubique
431 3430 722 3494 sequeretur,
745 3424 847 3479 fieri
868 3439 964 3478 non
983 3423 1140 3492 potuit
1159 3422 1273 3493 quin
1295 3422 1445 3476 multa
1464 3437 1586 3492 quae
1604 3423 1655 3477 in
1674 3423 1756 3477 illo
1778 3423 2058 3492 interpolata
2077 3426 2206 3479 sunt,

30 3515 31 3528 ¹
102 3522 216 3565 mm
262 3524 327 3564 ex
361 3508 466 3563 aliis
499 3508 745 3563 codicibus
777 3506 1030 3563 emendare
1058 3511 1221 3576 posset
1237 3548 1251 3570 ,
1294 3511 1546 3576 repeteret.
1631 3505 1785 3560 multo
1826 3512 1987 3560 tamen
2027 3500 2206 3557 rectius
