2467 3850
590 187 1114 252 EPISTULARUM
1131 187 1262 251 1111.
1302 201 1392 254 20.
1414 199 1500 255 21.
1524 200 1612 254 22.
1637 200 1724 255 23.
2065 194 2149 259 83

153 343 395 419 amicus,
424 342 481 402 in
513 341 859 403 duumviratu
878 342 1187 404 tollendum
1208 342 1664 422 abolendamque
1689 346 1919 406 curavit.
1960 346 2149 425 Nega·

154 425 323 485 batur
359 444 435 485 ex
467 429 801 488 auctoritate
839 427 1065 505 publica
1088 428 1320 490 fecisse.
1361 426 1497 505 Egit
1520 429 1649 505 ipse
1673 446 1896 489 causam
1917 448 2028 491 non
2047 433 2199 494 nti-2

155 528 264 570 nus
306 508 558 570 feliciter
587 528 752 590 quam
787 510 1017 572 diserte.
1077 508 1497 572 Conmendahat
1529 513 1811 572 actionem
1835 515 1988 591 quod
2012 525 2148 575 tam-

159 612 326 673 quam
361 593 531 654 homo
563 593 845 655 Romanus
884 604 943 656 et
977 596 1160 655 bonus
1195 598 1336 657 civis
1371 597 1429 655 in
1462 598 1694 673 negotio
1730 614 1835 656 sue
1857 608 2068 658 mature
2093 610 2152 660 et

104 691 138 743 5
159 679 413 755 graviter
448 678 803 757 loquebatur.
867 676 1008 738 Cum
1031 681 1346 739 sententiae
1380 688 1852 758 perrogarentur,
1904 681 2039 742 dixit
2062 682 2203 743 Iu-3

159 764 289 822 nius
311 760 627 839 Mauricus,
652 780 770 841 quo
786 765 909 823 viro
931 762 1066 823 nihil
1090 764 1298 824 firmius
1313 808 1332 842 ,
1353 762 1491 824 nihil
1510 766 1735 842 verius,
1770 781 1883 824 non
1907 784 2040 826 esse
2060 784 2150 828 re-

161 845 507 909 stituendum
539 846 951 909 Viennensibus
985 865 1196 948 agona:
1239 847 1447 908 adiecit
1480 847 1716 908 ‘vellem
1750 851 1917 909 etiam
1937 848 2152 911 Romae

159 928 290 990 tolli
319 940 535 1009 posset.
541 936 562 965 ⁹
609 929 982 1008 Constanter,
1006 933 1223 1010 inquis,
1254 940 1313 991 et
1335 931 1572 992 fortiter.
1616 930 1866 1005 Quidni?
1898 934 2006 995 sed
2037 923 2204 996 hoc-24

161 1033 196 1074 a
217 1012 470 1074 Maurico
491 1032 698 1075 novum
726 1032 840 1075 non
863 1024 973 1076 est.
1009 1016 1166 1076 Idem
1186 1015 1335 1095 apud
1356 1018 1755 1116 imperatorem
1777 1015 2022 1078 Nervam
2040 1036 2158 1080 non

80 1101 346 1159 lominus
383 1099 616 1160 fortiter.
675 1099 925 1161 Cenabat
948 1098 1138 1160 Nerva
1161 1118 1290 1160 cum
1316 1102 1543 1178 paucis:
1586 1100 1830 1161 Veiento
1867 1104 2156 1181 proximus

158 1192 335 1262 atque
373 1185 536 1243 etiam
569 1186 626 1243 in
670 1186 793 1244 sinu
838 1184 1234 1246 recumbebat:
1286 1184 1400 1244 dixi
1444 1186 1659 1261 omnia,
1706 1202 1834 1245 cum
1872 1185 2157 1247 hominem

159 1269 461 1327 nominavi.
527 1267 727 1328 incidit
760 1285 948 1330 sermo
981 1267 1053 1329 de
1091 1265 1316 1330 Catullo
1348 1267 1690 1345 Messalino,
1710 1272 1834 1348 qui
1856 1270 2203 1333 luminibus5

163 1352 397 1412 orbatus
435 1352 666 1429 ingenio
699 1370 875 1414 saevo
908 1352 1051 1412 mala
1086 1354 1378 1414 caecitatis
1411 1352 1729 1413 addiderat:
1773 1371 1885 1414 non
1918 1355 2155 1417 vereba-

163 1445 288 1510 tur,
324 1452 437 1494 non
469 1437 877 1512 erubescebat,
912 1454 1024 1498 non
1050 1436 1448 1506 miserebatur;
1501 1454 1614 1518 quo
1648 1440 1878 1516 saepius
1912 1458 1944 1500 a
1965 1438 2155 1501 Domi·

83 1532 145 1586 15
165 1521 318 1580 tiano
347 1536 459 1579 non
482 1538 652 1582 secus
674 1539 742 1582 ac
771 1520 882 1581 tela
897 1566 916 1598 ,
955 1538 1099 1600 quae
1132 1530 1193 1581 et
1221 1523 1348 1600 ipsa
1371 1539 1545 1581 caeca
1567 1530 1627 1582 et
1651 1523 1944 1601 inprovida
1967 1525 2154 1584 ferun·

164 1614 291 1681 tur,
322 1604 380 1663 in
420 1607 690 1682 optimum
725 1624 1002 1684 quemque
1039 1606 1536 1684 contorquebatur.
1597 1605 1688 1665 De
1715 1605 1878 1667 huius
1913 1611 2210 1687 nequitiafi

164 1689 649 1767 sanguinariisque
688 1691 983 1750 sententiis
1018 1691 1074 1749 in
1100 1706 1405 1749 commune
1433 1706 1630 1750 omnes
1653 1707 1828 1767 super
1852 1708 2050 1752 cenam
2073 1693 2160 1753 lo·

168 1773 513 1853 quebantur,
536 1791 663 1832 cum
685 1776 814 1852 ipse
836 1776 1141 1852 imperator
1171 1774 1331 1852 ‘quid
1354 1783 1611 1851 putamus
1633 1789 1927 1852 passurum
1950 1775 2153 1854 fuisse,

167 1859 218 1917 si
251 1854 548 1916 viveret?’
605 1866 663 1918 et
706 1856 990 1918 Mauricus
1033 1856 1352 1919 ‘nobiscum
1394 1862 1668 1917 cenaret.2
1727 1856 1976 1936 Longius
2020 1859 2202 1938 abii,7

79 1940 353 2004 wlibens
385 1953 589 2003 tamen.
629 1942 843 2004 Placuit
864 1960 1046 2020 agona
1081 1942 1241 2018 tolli,
1290 1944 1384 2021 qui
1419 1958 1607 2003 mores
1644 1941 2049 2003 Viennensium
2075 1947 2157 2004 in-

165 2026 421 2105 fecerat,
465 2037 527 2087 ut
557 2037 753 2088 noster
784 2028 876 2087 hic
911 2028 1171 2087 omnium.
1237 2026 1380 2087 Nam
1413 2025 1817 2087 Viennensium
1852 2029 1986 2088 vitia
2017 2030 2159 2089 intra

165 2111 329 2188 ipsos
361 2110 646 2189 residunt,
682 2121 875 2172 nostra
909 2111 1021 2172 late
1054 2120 1356 2189 vagantur,
1405 2119 1580 2191 utque
1614 2113 1670 2171 in
1708 2112 2044 2190 corporibus
2072 2114 2160 2174 sic

164 2196 222 2253 in
271 2196 512 2273 imperio
551 2197 917 2273 gravissimus
963 2205 1054 2258 est
1087 2197 1317 2257 morbus
1365 2196 1460 2276 qui
1499 2214 1535 2259 a
1588 2196 1774 2276 capite
1817 2196 2153 2259 diffunditur.

164 2276 330 2339 Vale.

83 2364 150 2417 ᾖ
1059 2411 1268 2474 xxm.

576 2509 630 2561 C.
662 2511 912 2563 PLINIUS
942 2512 1266 2567 POMPONIO
1303 2511 1504 2565 BASSO
1541 2512 1661 2565 SUO
1695 2512 1749 2568 S.

295 2611 553 2691 Magnam
580 2615 710 2691 cepi
732 2613 1111 2694 voluptatem,
1157 2635 1284 2678 cum
1321 2633 1394 2676 ex
1433 2615 1820 2676 communibus
1842 2616 2036 2676 amicis
2064 2633 2158 2675 co·
2178 2627 2207 2678 1

168 2700 342 2776 gnovi
388 2707 445 2757 te
491 2707 550 2757 ut
595 2700 871 2776 sapientia
903 2709 997 2760 tua
1041 2700 1269 2778 dignum
1304 2709 1394 2761 est
1449 2708 1508 2760 et
1540 2699 1845 2777 disponere
1882 2701 2055 2758 otium
2101 2709 2160 2759 et

83 2782 325 2845 3oferre
343 2828 361 2859 ,
405 2781 656 2842 habitare
704 2784 1098 2844 amoenissime
1142 2795 1201 2846 et
1233 2802 1384 2844 nunc
1417 2792 1569 2844 terra
1600 2800 1746 2842 nunc
1779 2783 1917 2841 mari
1953 2800 2160 2862 corpus

167 2868 418 2943 agitare,
455 2865 686 2925 multum
723 2866 1041 2946 disputare,
1078 2869 1311 2928 multum
1345 2868 1572 2943 audire,
1612 2866 1844 2927 multum
1880 2866 2161 2946 lectitare,

170 2967 412 3030 cumque
437 2949 736 3029 plurimum
767 2953 950 3029 scias,
996 2953 1204 3013 cotidie
1240 2962 1425 3012 tamen
1451 2952 1660 3031 aliquid
1695 2951 2012 3012 addiscere.
2080 2953 2214 3012 Ita2

170 3052 483 3095 senescere
519 3044 748 3113 oportet
779 3038 961 3095 virum
994 3039 1089 3116 qui
1112 3039 1466 3114 magistratus
1489 3035 1865 3115 amplissimos
1887 3038 2162 3115 gesserit,

172 3121 459 3180 exercitus
481 3122 714 3198 rexerit,
747 3129 1037 3199 totumque
1062 3139 1125 3182 se
1159 3124 1243 3180 rei
1264 3119 1524 3200 publicae
1542 3166 1559 3197 ,
1597 3138 1759 3198 quam
1785 3120 1876 3180 diu
1903 3121 2163 3198 decebat,

84 3203 465 3281 350ptalerit.
529 3203 672 3264 Nam
710 3214 770 3264 et
808 3206 983 3285 prima
1007 3206 1154 3266 vitae
1182 3215 1439 3284 tempora
1474 3214 1533 3264 et
1564 3203 1749 3264 media
1784 3208 2031 3284 patriae,
2068 3215 2217 3268 ex·3

19 3318 22 3413 ἱ
171 3296 347 3349 trema
368 3288 537 3349 nobis
559 3290 847 3368 impertire
878 3288 1183 3366 debemus,
1226 3297 1288 3349 ut
1322 3291 1479 3367 ipsae
1513 3287 1680 3365 leges
1712 3299 1970 3367 monent,
2017 3308 2164 3369 quae

109 3432 122 3443 ,
168 3374 439 3432 maiorem
465 3377 623 3433 annis
656 3375 774 3434 otio
809 3372 1067 3433 reddunt.
1109 3372 1345 3447 Quando
1369 3372 1501 3433 mihi
1540 3372 1770 3453 licebit,
1816 3374 2035 3452 quando
2057 3383 2215 3453 pel-4

169 3466 415 3521 aetatem
442 3458 744 3521 honestum
772 3459 880 3519 erit
906 3459 1105 3520 imitari
1131 3458 1281 3520 istud
1313 3456 1724 3539 pulcherrimae
1749 3459 1953 3602 ιέιιὲθῐίε
1976 3473 2164 3518 exem-
