2467 3850
52 468 55 523 Ε

763 151 1281 213 EPISTULARUM
1313 153 1411 213 111.
1453 160 1502 214 7.
1540 162 1593 215 8.
2087 155 2167 216 51

185 324 364 384 usque
387 305 459 365 ad
484 306 793 366 emacitatis
815 305 1334 383 reprehensionem.
1381 303 1578 365 Plures
1612 302 1789 363 isdem
1822 305 1878 362 in
1902 304 2046 365 locis
2068 305 2170 365 vil-
2187 314 2222 366 8

184 390 266 450 las
301 389 633 468 possidebat
665 388 1042 467 adamatisque
1075 391 1236 449 novis
1270 390 1490 467 priores
1526 387 1887 465 neglegebat.
1935 387 2170 449 Multum

184 473 392 552 ubique
426 472 726 549 librorum,
763 471 993 531 multum
1029 482 1361 546 statuarum,
1400 471 1630 531 multum
1661 473 1990 549 imaginum,
2028 489 2168 550 quas

183 572 292 617 uon
314 556 561 616 habebat
584 556 750 615 modo
773 575 967 616 verum
989 558 1154 616 etiam
1175 556 1549 616 venerabatur
1566 602 1582 632 ,
1617 555 1853 632 Vergilii
1888 565 2013 615 ante
2050 574 2166 615 om-

140 654 307 718 5nes,
335 643 499 700 cuius
520 640 761 701 natalem
794 640 1118 717 religiosius
1144 656 1305 718 quam
1341 658 1500 699 suum
1528 639 1853 699 celebrabat
1871 685 1887 715 ,
1926 638 2166 717 Neapoli

182 727 419 784 maxime
439 770 456 801 ,
503 726 601 783 ubi
633 727 1026 784 monimentum
1061 726 1182 783 eius
1217 723 1372 783 adire
1409 732 1468 783 ut
1501 721 1769 802 templum
1802 722 2043 783 solebat.
2102 723 2218 785 In9

181 809 288 868 hac
321 808 722 885 tranquillitate
757 826 956 866 annum
988 810 1239 886 quintum
1273 818 1330 868 et
1353 810 1869 885 septuagensimum
1894 808 2163 882 excessit,

182 891 428 952 delicato
463 895 640 968 magis
677 909 921 969 corpore
958 910 1122 969 quam
1153 891 1402 958 intirmo;
1444 901 1617 970 utque
1640 893 1977 952 novissimus
1999 908 2030 950 a
2053 889 2165 950 Ne·

182 992 323 1035 rone
356 975 539 1035 factus
575 984 663 1035 est
697 976 932 1051 consul,
969 979 1041 1035 ita
1075 984 1395 1052 postremus
1430 994 1503 1035 ex
1538 975 1791 1034 omuibus
1825 992 1970 1053 quos
2008 973 2166 1035 Nero

112 1067 169 1117 10
184 1059 453 1121 consules
474 1059 691 1119 fecerat
714 1058 982 1121 decessit.
1023 1058 1168 1118 Illud
1202 1062 1366 1119 etiam
1399 1059 1677 1136 notabile,
1714 1057 1936 1119 ultimus
1958 1077 2030 1119 ex
2050 1057 2164 1119 Ne·
2183 1072 2248 1122 10

181 1145 424 1203 ronianis
461 1141 848 1202 consularibus
878 1143 1017 1203 obiit
1050 1161 1161 1221 quo
1198 1142 1433 1203 consule
1468 1141 1623 1204 Nero
1660 1144 1842 1221 periit.
1888 1142 2054 1215 Quod
2074 1161 2163 1202 me

178 1227 570 1287 recordantem
619 1226 934 1304 fragilitatis
968 1226 1236 1287 humanae
1271 1228 1552 1286 miseratio
1593 1228 1763 1287 subit.
1833 1226 1980 1299 Quid
2014 1229 2157 1285 enim
2182 1239 2240 1288 11

180 1320 289 1370 tam
313 1312 723 1386 circumcisum,
750 1320 858 1370 tam
883 1311 1056 1370 breve
1082 1328 1245 1388 quam
1267 1310 1500 1370 hominis
1522 1314 1632 1371 vita
1668 1306 2032 1388 longissima?
2074 1310 2163 1368 An

181 1410 292 1453 non
331 1394 552 1454 videtur
581 1394 679 1454 tibi
717 1393 868 1453 Nero
902 1394 1068 1453 modo
1105 1393 1273 1453 modo
1309 1391 1526 1455 fuisse?
1578 1413 1700 1454 cum
1733 1396 1952 1454 interim
1989 1412 2061 1452 ex
2093 1395 2161 1454 iis

110 1488 165 1538 15
183 1480 275 1557 qui
311 1479 415 1537 sub
449 1477 548 1537 illo
583 1488 879 1555 gesserant
914 1477 1260 1538 consulatum
1293 1496 1458 1538 nemo
1492 1480 1595 1538 iam
1630 1486 1910 1556 superest.
1960 1476 2159 1550 Quam·
2181 1489 2245 1540 1⁶2

181 1580 345 1641 quam
383 1562 515 1639 quid
552 1562 662 1621 hoc
696 1559 907 1620 miror?
944 1580 1126 1640 nuper
1160 1561 1219 1620 L.
1258 1560 1424 1639 Piso,
1463 1572 1624 1641 pater
1643 1561 1859 1622 Pisonis
1894 1561 2042 1621 illius
2066 1564 2162 1639 qui

178 1664 209 1705 a
232 1644 461 1705 Valerio
497 1644 672 1706 Festo
697 1664 801 1724 per
823 1663 1090 1704 summum
1113 1645 1330 1706 facinus
1353 1649 1408 1704 in
1430 1644 1620 1706 Africa
1658 1649 1884 1706 occisus
1920 1656 2043 1721 est,
2082 1645 2161 1704 di-

182 1747 318 1789 cere
355 1729 576 1789 solebat
611 1731 888 1788 neminem
934 1749 1000 1789 se
1046 1729 1243 1788 videre
1280 1732 1333 1788 in
1370 1739 1566 1789 senatu
1601 1747 1769 1807 quem
1804 1729 2000 1789 consul
2036 1732 2160 1808 ipse

181 1815 511 1872 sententiam
543 1816 878 1890 rogavisset.
925 1812 1057 1872 Tam
1089 1814 1339 1889 angustis
1372 1815 1621 1872 terminis
1649 1821 1832 1872 tautae
1860 1812 2157 1871 multitudi·
2179 1821 2243 1873 13

102 1898 264 1957 filonis
298 1898 566 1957 vivacitas
602 1899 722 1976 ipsa
754 1895 1135 1972 concluditur,
1178 1904 1240 1955 ut
1261 1895 1394 1955 mihi
1426 1913 1537 1955 non
1570 1897 1732 1956 venia
1755 1894 1937 1958 solum
1959 1895 2159 1974 dignae

180 1999 372 2040 verum
395 1984 561 2041 etiam
584 1981 747 2041 laude
769 1982 1061 2041 videantur
1090 1979 1221 2039 illae
1256 1982 1449 2057 regiae
1485 1980 1765 2040 lacrimae.
1810 1978 1948 2038 Nam
1974 1979 2161 2038 ferunt

176 2064 430 2140 Xerxen,
457 2083 582 2125 cum
608 2067 915 2125 inmensum
938 2067 1248 2124 exercitum
1270 2063 1449 2124 oculis
1473 2065 1710 2140 obisset,
1749 2062 2156 2139 inlacrimasse,

179 2148 327 2227 quod
365 2159 448 2210 tot
479 2148 699 2208 milibus
731 2159 843 2208 tam
879 2150 1068 2208 brevis
1097 2151 1408 2208 immineret
1430 2165 1690 2209 occasus.
1734 2146 1850 2207 Sed
1871 2156 2023 2207 tauto
2044 2164 2157 2206 ma·
2178 2155 2244 2207 14

179 2235 267 2308 gis
305 2233 416 2291 hoc
453 2232 719 2311 quidquid
763 2242 850 2293 est
885 2235 1157 2311 temporis
1192 2232 1366 2293 futilis
1402 2242 1458 2291 et
1496 2231 1723 2309 caduci,
1770 2234 1817 2291 si
1856 2249 1969 2292 non
2004 2230 2160 2291 datur

101 2324 162 2375 25
179 2316 343 2376 factis
370 2318 524 2395 (nam
545 2316 745 2376 horum'
766 2319 991 2377 materia
1015 2320 1069 2375 in
1090 2315 1271 2376 aliena
1301 2316 1495 2394 manu)
1514 2362 1531 2393 ,
1570 2326 1725 2376 certe
1750 2315 1947 2377 studiis
1968 2314 2159 2394 profe-

175 2418 381 2477 ramus,
413 2409 471 2459 et
494 2411 765 2499 quatenus
789 2401 952 2460 nobis
976 2400 1287 2477 denegatur
1307 2400 1399 2460 diu
1420 2403 1637 2474 vivere,
1664 2399 2038 2479 relinquamus
2061 2399 2159 2459 ali·

176 2484 310 2562 quid
334 2501 446 2563 quo
479 2502 583 2544 nos
616 2486 829 2544 vixisse
859 2492 1144 2545 testemur.
1192 2485 1327 2544 Scio
1351 2493 1409 2544 te
1432 2484 1666 2544 stimulis
1690 2502 1802 2544 non
1824 2503 2029 2562 egere;
2065 2502 2160 2542 me
2179 2493 2242 2543 15

174 2578 360 2628 tamen
393 2571 472 2628 tui
508 2571 707 2628 caritas
744 2577 947 2628 evocat
980 2577 1040 2627 ut
1077 2578 1394 2629 currentem
1429 2586 1656 2648 quoque
1683 2571 1976 2646 instigem,
2015 2570 2161 2628 sicut

174 2661 230 2710 tu
256 2652 413 2712 soles
436 2670 547 2711 me.
584 2643 832 2729 Ἀγαθὴ
857 2643 921 2712 δ’
964 2650 1128 2731 ἔρις,
1167 2672 1294 2712 cum
1317 2654 1556 2712 invicem
1577 2671 1641 2712 se
1672 2655 1874 2711 mutuis
1902 2652 2159 2711 exhorta-

96 2738 419 2798 30tionibus
441 2738 603 2796 amici
626 2736 695 2796 ad
727 2752 975 2797 amorem
996 2735 1396 2797 inmortalitatis
1426 2745 1720 2797 exacuunt.
1792 2735 1950 2794 Vale.

1093 2869 1247 2929 VIII.

478 2970 531 3023 C.
570 2969 818 3022 PLleS
851 2970 1159 3021 SUETONIO
1196 2969 1608 3029 TRANQUILLO
1647 2967 1766 3020 SUO
1803 2966 1856 3021 S.

298 3075 465 3136 Facis
501 3093 606 3154 pro
641 3084 829 3135 cetera
866 3076 1182 3135 reverentia
1207 3092 1369 3152 quam
1406 3074 1534 3133 mihi
1574 3082 1831 3152 praestas
1866 3071 2017 3150 quod
2051 3081 2160 3132 tam
2181 3083 2207 3133 1

93 3159 423 3222 35sollicite
459 3162 607 3237 petis
643 3168 703 3218 ut
736 3160 1100 3235 tribunatum,
1126 3176 1295 3235 quem
1317 3177 1349 3217 a
1369 3156 1598 3217 Neratio
1620 3156 1927 3234 Marcello,
1966 3156 2160 3217 claris-

171 3246 312 3304 simo
336 3246 483 3322 viro,
508 3244 799 3321 impetravi
822 3244 946 3320 tibi,
981 3246 1036 3302 in
1059 3240 1432 3302 Caesennium
1453 3241 1755 3316 Silvanum,
1782 3241 2158 3318 propinquum

174 3338 358 3406 tuum,
394 3327 747 3388 transferam.
811 3325 946 3385 Mihi
988 3336 1173 3386 autem
1208 3327 1356 3385 sicut
1389 3325 1845 3387 iucundissimum
1879 3326 2063 3404 ipsum
2096 3332 2152 3383 te
2172 3334 2204 3383 2

171 3413 449 3473 tribunum
484 3412 561 3471 ita
592 3428 704 3471 non
751 3413 929 3470 miuus
979 3418 1192 3488 gratum
1243 3408 1408 3470 alium
1452 3427 1557 3489 per
1589 3418 1646 3469 te
1679 3409 1895 3550 vidlge.
1950 3405 2152 3485 Neque
