2467 3850
318 157 399 221 26
1147 153 1211 215 C.
1257 151 1419 214 PLIN
1422 152 1448 213 1

1263 305 1334 365 V.

851 418 909 474 G.
943 416 1190 470 PLINIUS
1222 419 1514 472 LUPERGO
1548 417 1668 471 SUO
1694 418 1748 470 S.

436 560 734 620 Actionem
762 566 821 619 et
840 574 875 618 a
901 566 961 618 te
981 555 1310 636 frequenter
1334 552 1694 634 efflagitatam
1715 565 1774 616 et
1795 574 1828 616 a
1849 574 1940 619 me
1962 574 2137 636 saepe
2159 575 2292 637 pro·
2311 573 2344 626 1

270 641 538 705 5missam
565 643 791 702 exhibui
824 642 957 718 tibi,
1001 641 1244 702 nondum
1274 650 1459 701 tamen
1497 649 1700 701 totam:
1755 639 1938 701 adhuc
1979 644 2127 701 enim
2159 661 2291 721 pars
2385 658 2388 661 ·

311 731 437 789 eius
466 725 797 807 perpolitur.
854 723 1083 785 Interim
1118 743 1260 802 quae
1287 724 1627 794 absolutiora
1663 723 1794 783 mihi
1821 723 2152 785 videbantur
2176 739 2341 791 non2

313 812 418 872 fuit
442 812 683 871 alienum
708 810 914 869 iudicio
944 817 1040 869 tuo
1070 808 1229 868 tradi.
1272 808 1371 869 His
1392 818 1452 868 tu
1479 824 1623 885 rogo
1652 809 2014 869 intentionem
2037 810 2290 869 scriben-

311 897 387 956 tis
414 895 826 956 accommodes.
868 891 1018 952 Nihil
1051 894 1197 952 enim
1225 892 1407 953 adhuc
1432 894 1579 952 inter
1604 909 1796 953 manus
1817 891 1985 952 habui
2010 894 2098 951 cui
2118 896 2290 953 maio·

314 997 435 1039 rem
462 978 892 1040 sollicitudinem
918 985 1207 1055 praestare
1236 975 1525 1035 deberem.
1567 973 1707 1034 Nam
1733 977 1790 1035 in
1820 977 2029 1037 ceteris
2059 979 2341 1041 actioni-3

235 1063 422 1131 lubus
456 1062 847 1123 existimationi
879 1059 1160 1120 hominum
1194 1059 1482 1136 diligentia
1507 1067 1717 1119 tantum
1745 1067 1801 1118 et
1831 1058 1970 1120 fides
1993 1069 2203 1137 nostra,
2233 1063 2291 1120 in

314 1146 419 1206 hac
455 1149 620 1206 etiam
654 1147 836 1224 pietas
871 1144 1198 1204 subicietur.
1251 1143 1389 1202 Inde
1419 1151 1476 1203 et
1506 1141 1651 1202 liber
1680 1144 1891 1220 crevit,
1931 1142 2063 1202 dum
2090 1160 2290 1204 ornare

312 1232 544 1309 patriam
584 1238 643 1289 et
683 1227 1022 1307 amplificare
1064 1228 1407 1304 gaudemus,
1459 1228 1672 1305 pariter
1712 1234 1770 1286 et
1810 1226 2126 1286 defensioni
2165 1229 2289 1288 eius

313 1316 587 1374 servimus
629 1322 687 1372 et
724 1312 959 1389 gloriae.
1029 1310 1111 1370 Tu
1140 1320 1326 1371 tamen
1351 1311 1494 1370 haec
1524 1311 1668 1387 ipsa,
1700 1318 1960 1387 quantum
1987 1313 2126 1370 ratio
2155 1322 2347 1375 exe-4

312 1399 492 1475 gerit,
526 1414 746 1457 reseca.
810 1394 1083 1468 Quotiens
1115 1396 1263 1454 enim
1292 1394 1361 1454 ad
1390 1393 1666 1453 fastidium
1693 1391 2000 1470 legentium
2029 1393 2288 1455 delicias-

232 1500 299 1553 15
314 1500 424 1559 que
452 1481 732 1558 respicio,
770 1478 1044 1555 intellego
1073 1479 1237 1538 nobis
1268 1476 1803 1538 commendationem
1830 1486 1888 1538 et
1916 1496 1990 1537 ex
2019 1479 2143 1556 ipsa
2171 1495 2289 1537 me-

315 1564 604 1624 diocritate
635 1562 761 1623 libri
790 1563 1105 1642 petendam.
1160 1560 1317 1621 Idem
1344 1571 1527 1621 tamen
1558 1561 1652 1638 qui
1677 1577 1709 1618 a
1736 1568 1795 1619 te
1828 1560 1972 1620 hanc
2001 1563 2341 1625 almerita-5

308 1648 428 1708 'tem
457 1649 626 1725 exigo
657 1664 835 1725 cogor
861 1646 916 1706 id
952 1645 1103 1724 quod
1135 1645 1418 1705 diversum
1447 1653 1536 1705 est
1564 1642 1850 1724 postulare
1867 1690 1885 1722 ,
1917 1655 1976 1705 ut
2003 1646 2059 1703 in
2085 1644 2289 1723 pleris-

314 1750 425 1809 que
455 1731 693 1791 frontem
718 1732 985 1792 remittas.
1030 1729 1169 1789 Sunt
1197 1731 1343 1789 enim
1376 1727 1645 1806 quaedam
1674 1726 2117 1788 adulescentium
2145 1730 2288 1787 auri-

314 1817 418 1877 bus
451 1814 656 1893 danda,
700 1816 1032 1893 praesertim
1061 1815 1109 1874 si
1149 1813 1379 1873 materia
1404 1830 1516 1871 non
1542 1811 1889 1887 refragetur:
1917 1830 2043 1871 nam
2072 1811 2286 1873 descri-

230 1924 300 1976 20
312 1902 535 1980 ptiones
573 1900 859 1978 locorum,
897 1916 1042 1978 quae
1078 1900 1135 1959 in
1177 1898 1290 1958 hoc
1317 1896 1460 1958 libro
1492 1895 1909 1973 frequentiores
1940 1904 2135 1974 erunt,
2174 1913 2287 1957 non

312 1987 579 2046 historice
606 1995 813 2045 tantum
839 1983 943 2045 sed
976 2000 1156 2062 prope
1179 1984 1412 2061 poetice
1441 1981 1711 2058 prosequi
1742 1978 1826 2040 fas
1856 1990 1965 2040 est.
2009 1976 2176 2053 Quod
2203 1986 2335 2042 ta-6

312 2088 441 2129 men
481 2071 528 2129 si
569 2071 692 2148 quis
732 2069 979 2129 extiterit
1020 2068 1113 2143 qui
1146 2074 1307 2144 putet
1336 2081 1441 2124 nos
1486 2061 1685 2122 laetius
1726 2063 1940 2125 fecisse
1973 2082 2136 2141 quam
2165 2082 2286 2124 ora-

310 2155 478 2213 tionis
512 2154 785 2212 severitas
817 2152 1024 2227 exigat,
1055 2148 1243 2224 huius,
1272 2156 1332 2205 ut
1352 2149 1427 2206 ita
1453 2145 1707 2224 dixerim,
1739 2149 2012 2208 trIstitiam
2030 2147 2287 2226 reliquae

311 2246 502 2315 partes
529 2238 765 2297 actionis
795 2250 1031 2293 exorare
1059 2231 1362 2290 debebunt.
1406 2228 1602 2291 Adnisi
1625 2240 1783 2291 certe
1803 2249 1993 2292 sumus
2015 2240 2077 2291 ut
2098 2249 2287 2308 quam-

229 2318 452 2387 251ibet
479 2320 701 2380 diversa
727 2334 938 2394 genera
965 2315 1241 2374 lectorum
1269 2331 1374 2391 per
1399 2312 1592 2390 plures
1623 2313 1844 2374 dicendi
1873 2317 2103 2395 species
2125 2324 2286 2375 tene-

311 2422 533 2481 remus,
576 2421 643 2462 ac
683 2403 828 2463 sicut
854 2416 1116 2458 veremur
1140 2415 1213 2455 ne
1245 2396 1572 2474 quibusdam
1599 2415 1729 2476 pars
1757 2397 1942 2477 aliqua
1974 2398 2332 2462 secundum‘l

311 2497 466 2549 suam
494 2489 765 2562 cuiusque
795 2490 1041 2541 naturam
1067 2498 1179 2540 non
1207 2480 1510 2559 probetur,
1552 2481 1628 2541 ita
1665 2481 1920 2541 videmur
1942 2500 2119 2559 posse
2148 2500 2283 2542 con-

312 2571 486 2631 fidere
512 2579 571 2629 ut
592 2566 1007 2627 universitatem
1029 2565 1282 2624 omnihus
1309 2566 1549 2624 varietas
1578 2566 1701 2643 ipsa
1733 2565 2100 2625 commendet.
2141 2564 2335 2629 Nam8

313 2664 371 2714 et
398 2657 454 2713 in
483 2654 699 2713 ratione
741 2650 1155 2727 conviviorum,
1202 2649 1452 2727 quamvis
1492 2665 1525 2707 a
1564 2647 1855 2728 plerisque
1892 2649 2033 2710 cibis
2076 2650 2285 2727 singuli

228 2754 298 2807 30
311 2748 718 2815 temperemus,
748 2742 921 2793 totam
948 2743 1130 2793 tamen
1161 2751 1357 2793 cenam
1381 2731 1605 2792 laudare
1632 2750 1825 2794 omnes
1854 2733 2137 2810 solemus,
2172 2752 2284 2794 nec

311 2838 380 2882 ea
407 2837 548 2897 quae
580 2817 896 2881 stomachus
923 2827 1118 2878 noster
1149 2825 1378 2877 recusat
1409 2817 1650 2876 adimunt
1675 2819 1904 2894 gratiam
1934 2815 2047 2876 illis
2078 2816 2283 2893 quibus

312 2905 542 2981 capitur.
601 2900 789 2979 Atque
817 2900 960 2961 haec
995 2919 1106 2978 ego
1134 2904 1217 2962 sic
1245 2903 1428 2979 accipi
1454 2899 1620 2978 volo,
1661 2918 1773 2961 non
1810 2911 2087 2979 tamquam
2114 2900 2331 2965 adse-9

311 2995 498 3046 cutum
533 3003 624 3045 me
661 3004 793 3046 esse
834 2984 1088 3064 credam,
1137 2985 1241 3046 sed
1279 2995 1553 3061 tamquam
1600 2973 2281 3062 adsequiqaboraverim:

308 3069 549 3131 fortasse
579 3086 690 3138 non
713 3070 944 3138 frustra3
983 3071 1030 3130 si
1050 3069 1217 3130 modo
1237 3080 1297 3128 tu
1329 3084 1517 3127 curam
1542 3075 1690 3127 tuam
1718 3068 2033 3129 admoveris
2061 3070 2284 3128 interim

226 3159 294 3213 35
309 3154 453 3229 istis,
481 3171 612 3214 mox
644 3155 711 3215 iis
740 3172 882 3233 quae
907 3163 1193 3215 secuntur.
1244 3152 1422 3211 Dices
1450 3160 1507 3211 te
1535 3168 1648 3211 non
1673 3168 1849 3232 posse
1878 3155 2012 3215 satis
2040 3152 2277 3229 diligen·
2298 3162 2372 3215 10

309 3245 399 3295 ter
425 3236 480 3296 id
507 3237 721 3316 facere,
750 3241 857 3299 nisi
886 3240 1040 3318 prius
1065 3247 1237 3297 totam
1257 3237 1533 3295 actionem
1559 3238 1915 3313 cognoveris.
1956 3236 2191 3297 Fateor:
2222 3238 2282 3295 in

309 3324 626 3397 praesentia
665 3333 849 3384 tamen
887 3331 945 3383 et
985 3324 1092 3381 ista
1128 3322 1228 3381 tihi
1270 3318 1618 3379 familiariora
1646 3321 1779 3382 fient
1818 3331 1874 3381 et
1903 3321 2281 3397 quaedamex

308 3402 395 3464 his
421 3404 550 3467 talia
577 3417 738 3468 erunt
769 3417 828 3468 ut
864 3423 971 3486 per
993 3414 1184 3485 partes
1209 3402 1491 3464 emendari
1517 3408 1754 3485 possint.
1794 3403 2017 3465 Etenim
2044 3406 2093 3465 si
2120 3402 2279 3464 avol-
2297 3413 2367 3467 11
