2467 3850
0 194 51 238 >v
691 184 1212 246 EPISTULARUM
1237 183 1392 245 VIII.
1428 196 1515 248 22.
1547 194 1633 249 23.
1667 195 1755 248 24.
2096 185 2217 250 173

219 348 314 398 tus
347 336 403 396 in
431 335 692 416 petendis
719 336 1027 399 honoribus
1060 339 1269 398 fuerat:
1310 337 1381 398 ad
1419 338 1531 398 hoc
1579 339 1653 398 ita
1688 357 1777 400 me
1807 336 2111 417 diligebat,
2142 340 2218 400 ita

220 415 529 481 verebatur
555 431 615 481 ut
641 439 732 480 me
763 420 1066 482 formatore
1094 439 1343 498 morum,
1395 440 1485 482 me
1528 423 1689 500 quasi
1727 424 1996 499 magistro
2026 432 2215 483 utere-

218 514 332 565 tur.
372 503 578 564 Rarum
617 505 729 564 hoc
771 506 828 564 in
865 505 1324 567 adulescentibus
1367 507 1596 566 nostris.
1658 503 1799 565 Nam
1827 515 2031 583 quotus
2064 507 2268 585 quis-3

223 606 336 667 que
366 587 461 647 vel
502 589 669 648 aetati
709 587 939 648 alterius
980 589 1075 648 vel
1108 591 1423 650 auctoritati
1463 599 1524 649 ut
1562 590 1742 648 minor
1780 586 1973 649 cedit?
2015 590 2215 651 Statim

169 690 204 740 5
224 674 468 748 sapiunt,
499 673 684 732 statim
718 674 903 733 sciunt
931 676 1145 749 omnia,
1177 675 1456 733 neminem
1484 683 1780 749 verentur,
1810 674 2089 733 imitantur
2116 692 2217 734 ne·-

220 757 427 815 minem
463 766 630 834 atque
674 757 784 834 ipsi
823 757 930 819 sibi
974 756 1232 835 exempla
1272 767 1421 818 sunt.
1484 757 1601 816 Sed
1643 774 1755 816 non
1784 756 2017 834 Avitus,
2056 759 2215 819 cuius

222 840 368 899 haec
398 842 703 918 praecipua
731 838 1060 919 prudentia,
1112 840 1267 919 quod
1303 840 1446 900 alios
1489 839 1883 919 prudentiores
1914 841 2215 902 arbitraba-

221 932 347 1001 tur,
387 922 532 982 haec
573 924 877 1003 praecipua
920 924 1194 1000 eruditio,
1242 924 1394 1003 quod
1425 924 1650 1001 discere
1677 923 1930 984 volebat.
1974 925 2266 1005 Semper4

0 1023 25 1061 ν
222 1005 322 1065 ille
351 1016 445 1066 aut
476 1006 546 1067 de
580 1007 778 1068 studiis
807 1007 1014 1087 aliquid
1040 1017 1134 1068 aut
1164 1008 1234 1067 de
1267 1008 1469 1069 officiis
1499 1011 1649 1068 vitae
1682 1008 2036 1086 consulebat,
2069 1028 2215 1070 sem·

135 1102 208 1152 10
226 1108 332 1170 per
360 1091 435 1150 ita
461 1090 770 1151 recedebat
813 1101 871 1151 ut
915 1092 1114 1151 melior
1140 1092 1346 1169 factus,
1381 1101 1439 1152 et
1469 1101 1589 1152 erat
1623 1091 1802 1152 factus
1836 1091 1930 1150 vel
1960 1110 2032 1152 eo
2062 1095 2216 1171 quod

224 1173 474 1234 audierat
524 1174 618 1234 vel
671 1174 822 1252 quod
863 1177 1084 1236 omnino
1128 1179 1464 1255 quaesierat.
1530 1175 1697 1248 Quod
1739 1175 1837 1234 ille
1879 1176 2263 1254 obsequiums,

226 1258 530 1334 Serviane,
563 1261 923 1320 exactissimo
950 1262 1106 1337 viro,
1138 1259 1444 1339 praestitit!
1493 1278 1661 1338 quem
1690 1259 1936 1336 legatum
1961 1261 2212 1320 tribunus

221 1343 298 1401 ita
326 1350 385 1401 et
415 1340 691 1403 intellexit
720 1352 778 1402 et
808 1345 962 1422 cepit
988 1353 1048 1403 ut
1072 1362 1145 1404 ex
1175 1343 1464 1404 Germania
1491 1345 1548 1402 in
1570 1342 1902 1405 Pannoniam
1925 1354 2214 1403 transeun-

222 1435 341 1484 tem
360 1443 474 1483 non
507 1435 564 1486 ut
601 1426 903 1487 commilito
938 1427 1041 1487 sed
1072 1437 1133 1487 ut
1164 1444 1359 1488 comes
1389 1425 1824 1506 adsectatorque
1855 1436 2210 1506 sequeretur.

0 1525 29 1562 ν·
137 1512 204 1563 15
225 1508 349 1582 Qua
381 1507 682 1587 industria,
717 1528 829 1588 qua·
860 1511 1134 1571 modestia
1165 1521 1436 1590 quaestor
1463 1511 1790 1572 consulibus
1826 1512 1943 1571 suis
1968 1513 2061 1590 (et
2087 1511 2210 1589 plu-

221 1610 316 1653 res
345 1592 562 1673 habuit)
594 1612 705 1653 non
734 1595 912 1654 minus
942 1595 1216 1654 iucundus
1248 1604 1306 1654 et
1327 1604 1519 1672 gratus
1549 1612 1712 1672 quam
1741 1595 1892 1655 utilis
1918 1594 2045 1655 fuit!
2083 1594 2213 1668 Qu'o

222 1674 514 1757 discursu,
562 1696 669 1756 qua
710 1677 1026 1754 vigilantia,
1070 1679 1214 1738 hanc
1243 1679 1421 1756 ipsam
1450 1678 1825 1755 aedilitatem,
1859 1680 1949 1737 cui
1980 1697 2211 1757 praere-

220 1769 353 1838 ptus
396 1769 519 1838 est,
558 1761 746 1839 petiit!
792 1762 944 1840 quod
976 1761 1069 1821 vel
1111 1762 1348 1821 maxime
1393 1760 1647 1821 dolorem
1686 1779 1868 1822 meum
1898 1761 2210 1823 exulcerat.

223 1842 606 1904 Obversantur
635 1845 831 1906 oculis·
849 1848 996 1906 cassi
1030 1845 1254 1905 labores
1281 1854 1340 1905 et
1368 1844 1749 1906 infructuosae
1779 1862 1988 1925 preces
2021 1855 2079 1904 et
2107 1846 2262 1912 ho·6

30 1972 36 1976 ·
130 1937 204 1989 20
223 1945 328 1987 ηοι·
358 1947 524 2006 quem
557 1933 758 1990 meruit
790 1940 1018 1990 tantum.
1078 1930 1249 1990 Redit
1279 1931 1461 1990 animo
1490 1929 1588 1993 ille
1624 1930 1769 1990 latus
1802 1928 1993 1989 clavus
2025 1930 2080 1988 in
2109 1949 2211 2007 pe-

0 2027 49 2103 ν·
219 2012 441 2072 natibus
472 2015 611 2074 meis
639 2024 915 2093 sumptus,
941 2015 1179 2074 redeunt
1206 2013 1302 2072 illa
1331 2016 1506 2094 prima
1523 2061 1540 2092 ,
1581 2012 1677 2073 illa
1700 2023 1986 2093 postrema
2013 2013 2209 2073 suffra-

219 2098 310 2172 gia
352 2114 509 2173 mea,
546 2097 629 2157 illi
670 2118 993 2176 sermones,
1043 2098 1174 2158 illae
1210 2098 1672 2159 consultationes.
1740 2095 1990 2156 Adficior
2017 2096 2259 2165 adme-7

219 2182 437 2240 scentia
465 2183 673 2260 ipsius,
716 2183 949 2244 adficior
979 2182 1459 2243 necessitudinum
1488 2199 1643 2243 casu.
1705 2182 1840 2242 Erat
1868 2180 1949 2241 illi
1983 2181 2208 2259 grandis

217 2273 347 2323 natu
378 2282 604 2343 parenS,
631 2277 750 2327 erat
781 2286 957 2344 uxor,
1005 2287 1167 2347 quam
1196 2277 1326 2328 ante
1355 2286 1554 2327 annum
1580 2269 1852 2345 virginem
1880 2276 2205 2345 acceperat,

130 2360 200 2411 25
221 2356 340 2407 erat
374 2348 517 2426 filia,
560 2369 723 2428 quam
762 2352 932 2431 paulo
973 2363 1100 2413 ante
1136 2350 1459 2412 sustulerat.
1528 2352 1636 2412 Tot
1677 2360 1979 2431 spes,'tot
2009 2351 2209 2428 gaudia

219 2431 343 2491 dies
371 2451 510 2492 unus
534 2436 588 2492 in
610 2434 847 2496 adversa
870 2438 1163 2496 convertit.
1208 2434 1379 2495 Modo
1403 2436 1726 2514 designatus
1749 2435 1969 2512 aediliS,
2001 2454 2206 2498 recens
2226 2449 2261 2502 8

214 2516 442 2576 maritus
460 2563 477 2593 ,
507 2536 712 2579 recens
745 2531 936 2602 pater,
976 2523 1241 2581 intactum
1268 2520 1574 2598 honorem,
1614 2522 1806 2580 orbam
1833 2528 2098 2595 matrem,
2125 2521 2207 2578 vi·-

28 2623 55 2662 ,ν
216 2598 379 2658 duam
407 2619 665 2679 uxorem,
702 2603 864 2663 filiam
889 2604 1156 2681 pupillam
1187 2607 1432 2681 ignaram
1464 2606 1573 2680 avie,
1605 2606 1777 2682 patris
1810 2603 2053 2679 reliquit.
2094 2603 2206 2660 Ac-

0 2681 4 2684 ’
217 2683 368 2742 cedit
402 2683 643 2745 lacrimis
686 2689 827 2746 meis
873 2687 1025 2763 quod
1064 2689 1271 2748 absens
1318 2697 1378 2747 et
1423 2688 1779 2766 inpendentis
1818 2684 1949 2743 mali
1977 2685 2207 2743 nescius

130 2784 200 2837 30
217 2769 429 2845 pariter
458 2785 711 2846 aegrum,
745 2772 955 2848 pariter
982 2771 1312 2833 decessisse
1344 2773 1618 2847 cognovi,
1653 2789 1725 2829 ne
1749 2769 2079 2844 gravissimo
2109 2767 2207 2826 do·

216 2848 322 2909 lori
360 2860 618 2927 tempore
665 2858 1124 2913 consuescerem.
1185 2854 1250 2912 In
1291 2855 1457 2913 tantis
1503 2855 1796 2914 tormentis
1840 2867 2026 2926 eram,
2082 2866 2259 2919 cum9

216 2934 528 2994 scriberem
570 2935 749 3014 haec,
793 2937 1106 2998 scriberem
1145 2936 1298 3004 sola;
1344 2954 1532 3016 neque
1578 2938 1724 2997 enim
1756 2951 1904 2995 nunc
1932 2933 2083 2995 aliud
2113 2945 2208 2997 aut

219 3020 471 3095 cogitare
500 3028 592 3078 aut
620 3018 775 3098 loqui
803 3038 1055 3099 possum.
1113 3021 1277 3081 Vale.

1090 3154 1330 3217 XXIIII.

764 3257 819 3311 G.
859 3257 1107 3308 PLINIUS
1142 3257 1406 3308 MAXIMO
1443 3256 1563 3308 SUO
1602 3256 1656 3307 S.

338 3359 511 3422 Amor
550 3362 604 3420 in
637 3370 696 3419 te
738 3378 899 3419 meus
944 3362 1131 3438 cogit,
1185 3378 1298 3420 non
1344 3369 1404 3441 ut
1435 3361 1777 3440 praecipiam
1813 3361 2030 3438 (neque
2060 3362 2254 3421 eniml

220 3453 593 3521 praeceptore
635 3444 832 3522 eges),
868 3444 1193 3507 admoneam
1231 3455 1449 3523 tamen,
1492 3453 1550 3504 ut
1585 3463 1728 3524 quae
1773 3446 1888 3505 scis
1919 3453 2112 3506 teneas
2146 3453 2204 3503 ct

0 562 61 603 Γ*

130 3199 198 3251 35
