2467 3850
278 236 380 275 xiv
1094 221 1563 276 PRAEFATIO.

281 386 548 450 excerptae.
592 381 753 451 itaque
773 379 892 436 illud
919 380 1228 453 archetypon‚
1267 395 1295 434 e
1313 396 1407 451 quo
1432 388 1482 434 et
1503 379 1633 435 hunc
1652 379 1870 437 codicem
1902 385 1952 433 et
1974 380 2183 451 reliquos
2206 396 2382 445 omnes,

280 479 485 536 quorum
504 464 666 521 nullus
687 471 762 518 est
780 464 946 536 quinto
969 465 1158 520 decimo
1177 464 1372 518 saeculo
1394 464 1655 535 antiquior,
1680 463 1949 532 descriptos
1982 478 2087 517 osse
2107 464 2215 519 dico
2229 510 2243 533 ‚
2279 481 2388 520 cnm

281 548 386 602 aliis
411 547 712 602 librariorum
733 548 978 603 erroribus
999 552 1281 619 corruptum
1303 553 1430 612 erat,
1474 553 1582 602 tum
1627 547 1791 602 multis
1821 545 2003 602 lacunis
2044 547 2219 603 hiabat.
2271 565 2388 619 quo-

281 647 389 686 rum
436 632 650 686 omnium
692 646 804 686 cum
847 646 877 685 e
914 632 1047 687 libris
1087 647 1232 687 manu
1272 631 1463 701 scriptis
1492 631 1678 686 nullum
1714 637 1903 700 praeter
1934 631 2161 686 Italorum
2201 633 2389 703 quidem

280 716 580 771 coniecturas
615 714 845 769 auxilium
876 716 977 785 peti
1008 723 1199 786 posset,
1244 714 1627 770 emendationem
1654 715 1795 770 multi
1823 722 2161 784 susceperunt,
2198 715 2392 770 lacunas

280 806 471 861 autem,
515 805 769 869 postquam
807 800 1041 870 quaedam
1082 801 1132 854 in
1170 800 1267 854 boc
1302 813 1483 871 genere
1522 799 1756 868 praestitit
1793 798 2082 863 Catanaeus‚
2138 799 2188 853 in
2226 799 2393 868 primis

278 881 484 937 Iomanes
517 880 867 953 ampiniana,
921 884 1003 955 qui
1033 899 1157 938 anno
1198 887 1335 940 1513
1354 898 1467 937 cum
1502 883 1696 953 reliquis
1715 882 2015 953 panegyricis
2042 881 2182 937 Plinii
2216 882 2395 937 libmm

283 966 457 1032 edidit,
500 967 757 1036 supplevit.
843 971 989 1038 atque
1040 968 1171 1022 hunc
1208 966 1553 1036 Cuspinianum
1568 1008 1583 1031 ‚
1637 972 1889 1037 propterea
1928 965 2056 1036 quod
2097 965 2248 1030 filim,
2310 967 2393 1038 qui

279 1057 416 1121 patre
455 1057 648 1105 mortuo
684 1050 882 1106 editioni
921 1052 1157 1121 praefuit,
1196 1056 1443 1121 parentem
1486 1050 1697 1119 integras
1738 1050 1927 1104 chartas
1965 1049 2017 1103 in
2056 1050 2398 1104 vetustissimis

279 1135 380 1189 suis
400 1133 751 1204 exemplaribus
769 1134 1006 1190 iuvenisse
1027 1142 1077 1190 et
1097 1135 1363 1190 restituisse
1384 1133 1617 1198 adfirmat,
1643 1149 1672 1188 e
1686 1134 1853 1190 codice
1877 1134 2035 1204 aliquo
2056 1134 2397 1204 supplementa

280 1219 507 1288 petivisse
547 1218 688 1273 multi
728 1219 1146 1281 existimaverunt3
1187 1218 1386 1289 eiusque
1420 1219 1489 1272 rei
1509 1218 1852 1274 documentum
1872 1231 1978 1272 osse
1996 1219 2251 1273 voluerunt
2270 1232 2397 1289 quae

280 1303 330 1356 in
364 1302 521 1372 capite
562 1302 958 1374 quinquagesimo
1000 1304 1167 1375 quinto
1213 1302 1553 1372 percommode
1593 1303 1793 1357 inseruit
1844 1302 1864 1332 ‘
1881 1308 2122 1371 praeterea
2167 1308 2224 1355 ut
2262 1302 2398 1372 quis-

281 1401 375 1458 que
418 1386 574 1440 factus
634 1393 710 1440 est
754 1386 976 1457 princeps
989 1429 1003 1451 ,
1062 1386 1304 1456 extemplo
1352 1386 1479 1440 fama
1522 1387 1650 1449 eius,
1703 1387 1941 1441 incertum
1975 1384 2103 1440 bona
2138 1400 2200 1439 an
2247 1386 2396 1448 mala,

282 1476 497 1524 cetemm
539 1475 731 1524 aeterna
771 1476 846 1524 est
861 1471 902 1526 ’.
966 1478 1017 1525 at
1043 1486 1159 1526 vero
1189 1484 1303 1524 cum
1333 1470 1515 1541 reliqua
1547 1470 1706 1525 omnia
1727 1484 1849 1541 quae
1871 1469 2186 1538 cuspinianus
2212 1469 2403 1524 addidit

281 1555 350 1609 ita
397 1559 671 1623 comparata
708 1554 806 1608 sint
851 1560 908 1609 ut
956 1556 1130 1625 partim
1179 1554 1455 1608 coniectura
1487 1552 1626 1607 facile
1667 1554 1866 1607 inveniri
1909 1554 2173 1622 potuerint,
2215 1553 2401 1623 partim

280 1653 381 1692 non
399 1652 506 1692 esse
537 1652 566 1691 e
591 1637 724 1692 libris
756 1638 974 1708 profecta
1006 1644 1254 1709 appareat,
1298 1636 1380 1691 illa
1410 1651 1601 1708 quoque
1618 1637 1768 1707 ipsius
1788 1637 1983 1708 ingenio
2004 1635 2196 1704 deberi,
2243 1652 2405 1708 eaque

282 1722 345 1776 de
373 1736 515 1776 causa
552 1737 650 1776 non
691 1722 959 1786 codicibuS,
1004 1738 1126 1795 quos
1166 1721 1344 1777 nostris
1395 1722 1617 1776 meliores
1656 1736 1754 1776 non
1783 1720 1949 1776 habuit
1963 1765 1977 1786 ,
2019 1720 2154 1775 illum
2175 1721 2405 1776 adiutum

283 1805 455 1870 fuisse,
494 1805 580 1860 sed
619 1806 891 1861 coniectura
917 1821 1021 1861 rem
1059 1807 1218 1879 egisse
1246 1805 1532 1861 credendum
1565 1812 1656 1861 est.
1729 1821 1823 1876 quo
1857 1805 2038 1860 factum
2059 1814 2134 1858 est
2152 1810 2211 1859 ut
2243 1804 2408 1860 multa

282 1895 470 1959 praeter
511 1890 847 1945 necessitatem
885 1891 1084 1947 inferret
1098 1937 1112 1958 ,
1166 1891 1259 1945 alia
1298 1905 1397 1946 non
1436 1890 1739 1946 incommode
1779 1890 2052 1945 restitueret
2070 1930 2084 1951 ‚
2128 1888 2179 1943 in
2220 1889 2337 1945 aliis
2381 1904 2410 1944 a

281 1989 393 2028 vera
433 1975 666 2029 sententia
710 1974 964 2031 aberraret.
1047 1989 1168 2046 quae
1218 1975 1390 2030 deinde
1443 1975 1700 2029 maximam
1747 1981 1930 2044 partem
1982 1988 2010 2027 a
2048 1973 2412 2043 posterioribus

284 2058 545 2113 editoribus
563 2059 766 2128 repetita
799 2065 928 2115 sunt.
971 2073 1033 2113 ex
1063 2058 1139 2113 his
1162 2060 1314 2131 igitur
1332 2058 1674 2127 supplementis
1694 2074 1750 2113 ea
1770 2073 1892 2128 quae
1909 2060 2084 2113 iustam
2103 2059 2415 2114 sententiam

282 2141 516 2196 referrent
559 2142 734 2197 retinui
748 2184 763 2207 ‚
801 2142 1038 2197 inclinatis
1071 2148 1233 2197 tamen
1269 2142 1438 2196 litteris
1473 2147 1715 2213 tamquam
1748 2142 1900 2196 aliena
1928 2143 2092 2196 notata
2112 2139 2251 2206 (hac
2273 2143 2416 2197 enim

276 2225 465 2279 ⁴ratione
487 2226 631 2281 etiam
652 2227 702 2280 in
721 2226 917 2297 reliquis
933 2242 1050 2281 usus
1070 2229 1250 2294 sum);
1288 2241 1345 2279 ea
1387 2231 1547 2278 autem
1588 2240 1711 2296 quae
1751 2226 1879 2280 male
1919 2225 2161 2281 addiderat
2205 2225 2417 2291 lacuna,

283 2309 325 2362 si
344 2324 439 2379 qua
465 2316 591 2375 erat,
634 2310 838 2365 indicata
857 2310 1059 2365 resecui
1144 2310 1349 2379 denique
1378 2309 1420 2362 si
1440 2310 1629 2379 quaein
1652 2310 1896 2370 codicibus
1914 2310 2089 2378 scripta
2111 2316 2261 2364 erant
2283 2326 2421 2381 quae

284 2392 484 2448 delenda
503 2408 611 2448 esse
628 2394 926 2458 viderentur,
971 2408 1124 2447 uncos
1145 2393 1399 2464 quadratos
1413 2433 1427 2456 ,
1470 2393 1597 2463 quod
1627 2409 1793 2449 eorum
1826 2408 1948 2465 quae
1968 2389 2112 2464 prave
2140 2407 2170 2446 a
2192 2392 2424 2449 librariis

285 2475 448 2531 addita
474 2483 636 2532 essent
654 2478 850 2549 signum
881 2491 986 2531 esse
1003 2476 1161 2543 volui,
1205 2476 1412 2532 admovi.
1474 2475 1537 2531 de
1574 2478 1631 2533 iis
1663 2493 1785 2550 quae
1811 2484 2054 2548 praeterea
2072 2482 2276 2532 mutata
2299 2486 2425 2534 sunt

285 2565 340 2614 ut
360 2567 600 2616 constaret
621 2561 779 2617 indice
797 2561 919 2616 infra
937 2561 1117 2630 scripto
1150 2561 1326 2616 curavi.
