2467 3850
353 181 477 247 256
1182 182 1247 245 C.
1288 183 1477 245 PLINI

355 346 415 398 ut
452 334 588 396 nihil
629 335 894 396 imbribus
936 336 1212 415 caeloque
1244 337 1508 405 deberet;
1546 336 1823 414 siquidem
1849 337 2083 416 proprio
2111 353 2348 414 semper

354 438 516 481 amne
562 419 823 498 perfusa,
874 438 983 480 nec
1030 420 1140 481 alio
1189 439 1404 498 genere
1445 439 1708 499 aquarum
1747 419 1912 482 solita
1959 422 2346 497 pinguescere

357 521 522 584 quam
551 521 690 581 quas
719 504 842 583 ipsa
872 502 1210 581 devexerat,
1248 507 1415 565 tantis
1444 504 1736 582 segetibus
1765 502 2094 564 induebatur
2122 513 2183 563 ut
2217 521 2347 564 cum

354 588 718 648 feracissimis
759 589 958 664 terris,
1006 591 1165 667 quasi
1205 605 1500 667 numquam
1538 605 1803 664 cessura,
1846 597 2108 648 certaret.
2183 586 2348 647 Haec
2460 587 2461 666 l

355 672 579 750 inopina
608 672 863 731 siccitate
895 690 1078 751 usque
1106 672 1174 732 ad
1202 674 1450 732 iniuriam
1478 671 1787 732 sterilitatis
1818 673 2064 749 exaruit,
2098 673 2235 749 quia
2258 673 2346 748 pi·
2365 678 2396 729 5
2460 671 2461 688 ³

354 772 462 833 ger
490 753 650 814 Nilus
678 764 1006 816 cunctanter
1033 755 1199 816 alveo
1229 775 1364 817 sese
1393 774 1460 815 ac
1489 755 1751 833 languide
1782 754 2092 832 extulerat,
2138 757 2343 832 ingen·

263 829 272 848 “
354 840 507 900 tibus
550 838 774 916 quidem
814 847 949 899 tunc
987 857 1214 918 quoque
1253 839 1354 899 ille
1394 839 1740 916 fluminibus,
1796 838 2113 899 fluminibus
2154 848 2347 898 tamen

359 923 756 983 conferendus.
823 921 968 984 Hinc
1008 941 1139 1002 pars
1180 941 1379 1001 magna
1419 932 1720 999 terrarum,
1769 924 1948 999 mergi
1976 923 2345 1000 repararique

357 1025 517 1067 amne
547 1016 850 1083 consueta,
880 1006 993 1067 alto
1021 1006 1260 1087 pulvere
1289 1006 1588 1067 incanduit.
1632 1005 1859 1067 Frustra
1883 1016 2016 1066 tune
2036 1006 2346 1083 Aegyptus
2460 1005 2461 1008 ’

357 1089 546 1151 nubila
588 1092 799 1168 optavit
840 1090 1168 1169 caelumque
1211 1093 1495 1169 respexit,
1533 1092 1813 1168 cumipse
1842 1090 2201 1150 fecunditatis
2247 1107 2345 1167 pa»
2363 1089 2424 1140 10

359 1193 491 1235 rens
529 1175 871 1234 contractior
901 1184 958 1236 et
1000 1174 1233 1252 exilior,
1284 1174 1463 1235 isdem
1501 1175 1812 1235 ubertatem
1852 1176 1975 1234 eius
2009 1175 2135 1232 anui
2167 1190 2347 1250 angu-
2460 1171 2461 1240 ἒ

358 1260 482 1319 stiis
512 1258 715 1336 quibus
746 1257 1131 1319 abundantiam
1159 1277 1315 1320 suam
1342 1258 1708 1319 cohibuisset.
1752 1256 1953 1336 Neque
1983 1259 2130 1317 enim
2156 1257 2348 1316 solum
2460 1265 2461 1276 ¹

359 1360 539 1419 vagus
572 1340 704 1415 ille,
755 1359 882 1400 cum
910 1344 1270 1420 expanditur,
1298 1345 1473 1403 amnis
1503 1345 1643 1403 intra
1670 1351 1934 1419 usurpata
1961 1358 2190 1418 semper
2223 1339 2347 1400 col-

360 1426 493 1484 lium
521 1425 843 1485 substiterat
874 1436 1042 1505 atque
1073 1427 1367 1503 haeserat,
1416 1425 1522 1487 sed
1549 1427 1750 1504 supino
1783 1428 1949 1485 etiam
1981 1443 2050 1486 ac
2078 1423 2346 1485 clementi
2460 1447 2461 1480 l

293 1547 306 1556 -
361 1508 489 1571 solo
529 1525 641 1567 non
682 1508 905 1586 placido
946 1529 1011 1570 se
1051 1510 1321 1589 mollique
1350 1509 1511 1588 lapsu
1539 1510 1798 1586 refugum
1823 1508 2164 1585 abstulerat,
2204 1510 2422 1568 nec-15

362 1592 491 1651 dum
530 1594 665 1653 satis
707 1602 960 1654 umentes
1002 1603 1181 1655 terras
1222 1593 1507 1654 addiderat
1544 1594 1846 1661 arentibus.
1913 1592 2091 1671 Igitur
2115 1592 2347 1652 inunda-
2460 1617 2461 1620 ¹

359 1680 550 1752 tione,
590 1676 646 1736 id
675 1687 765 1738 est
796 1678 1089 1755 ubertate,
1134 1679 1298 1754 regio
1328 1678 1608 1755 fraudata,
1650 1679 1735 1740 sie
1766 1696 1935 1757 opem
1970 1674 2228 1737 Caesaris
2260 1677 2349 1735 in-

359 1762 587 1820 vocavit
616 1770 677 1821 ut
703 1760 855 1822 solet
881 1780 1098 1822 amnem
1126 1780 1313 1822 suum:
1343 1780 1454 1823 nec
1486 1760 1710 1839 longius
1739 1761 1821 1821 illi
1847 1760 2208 1822 adversorum
2238 1759 2350 1819 fuit

360 1845 601 1925 spatium
629 1863 794 1924 quam
822 1845 950 1904 dum
978 1848 1205 1905 nuntiat.
1277 1844 1410 1905 Tam
1436 1845 1641 1922 velox,
1686 1844 1926 1924 Caesar,
1970 1847 2219 1924 potentia
2249 1855 2349 1905 tua

361 1940 485 2006 est,
525 1939 748 2008 tamque
777 1932 833 1990 in
861 1932 1043 1990 omnia
1069 1932 1281 2009 pariter
1306 1932 1518 1992 intenta
1544 1932 1762 1992 bonitas
1796 1940 1852 1991 et
1881 1932 2136 1991 accincta
2160 1939 2221 1990 ut
2245 1931 2348 1989 tri·
2367 1935 2428 1987 20

362 2017 504 2075 stius
532 2013 740 2091 aliquid
770 2014 1002 2076 saeculo
1030 2023 1127 2074 tuo
1156 2015 1343 2093 passis
1375 2015 1444 2076 ad
1475 2015 1781 2075 remedium
1809 2014 2156 2092 salutemque
2185 2013 2348 2074 suffi-

262 2099 341 2164 31
367 2101 474 2158 ciat
509 2107 568 2157 ut
608 2100 775 2158 scias.
863 2096 1131 2159 Omnibus
1162 2098 1423 2178 equidem
1462 2100 1725 2177 gentibus
1764 2098 1984 2158 fertiles
2013 2115 2184 2158 annos
2215 2115 2350 2174 gra-

364 2193 563 2259 tasque
614 2191 790 2242 terras
843 2199 1078 2259 precor:
1151 2183 1483 2243 crediderim
1526 2193 1710 2244 tamen
1754 2200 1860 2260 per
1890 2182 2047 2263 ,hunc
2090 2181 2351 2258 Aegypti

363 2274 563 2325 statum
604 2272 725 2325 tuas
765 2265 1036 2326 fortunam
1075 2269 1226 2327 vires
1272 2269 1520 2345 experiri
1559 2277 1816 2345 tuamque
1846 2265 2182 2343 vigilantiam
2210 2281 2350 2341 spe-

364 2357 519 2408 ctare
548 2347 817 2408 voluisse.
861 2348 998 2408 Nam
1024 2368 1147 2409 cum
1171 2352 1351 2411 omnia
1378 2351 1624 2411 secunda
1643 2352 1851 2429 ubique
1872 2351 2138 2410 merearis
2156 2395 2173 2425 ,
2203 2367 2350 2409 non·
2369 2358 2425 2409 25

363 2449 436 2490 ne
463 2430 814 2492 manifestum
840 2443 962 2509 est,
993 2436 1041 2494 si
1070 2433 1202 2511 quid
1229 2434 1452 2495 adversi
1482 2434 1661 2512 cadat,
1697 2437 1804 2495 tuis
1833 2432 2087 2494 laudibus
2117 2435 2352 2511 tuisque
2460 2486 2461 2509 2

362 2515 659 2575 virtutibus
686 2517 966 2576 materiam
996 2535 1364 2597 campumque
1395 2521 1742 2596 praesterni,
1786 2536 1911 2578 cum
1940 2517 2186 2578 secunda
2216 2515 2350 2576 feli·
2460 2542 2461 2575 l

364 2618 463 2661 ces
481 2645 498 2675 ,
529 2598 766 2660 adversa
795 2618 1028 2677 magnos
1056 2600 1339 2680 probent?
1382 2601 1788 2663 Percrebuerat
1820 2603 2118 2679 antiquitus
2146 2601 2354 2660 urbem

361 2694 609 2746 nostram
640 2686 745 2744 nisi
781 2686 984 2762 opibus
1010 2686 1262 2764 Aegypti
1292 2685 1366 2745 ali
1395 2689 1808 2765 sustentarique
1836 2704 1948 2746 non
1978 2702 2174 2764 posse.
2240 2685 2350 2743 Su-

363 2768 657 2846 perbiebat
685 2778 921 2831 ventosa
949 2780 1008 2830 et
1034 2769 1286 2829 insolens
1312 2772 1460 2830 natio
1477 2815 1495 2846 ,
1526 2770 1677 2849 quod
1699 2773 1972 2830 victorem
1995 2769 2220 2847 quidem
2241 2785 2347 2845 po·
2367 2780 2427 2834 3ο
2460 2810 2461 2813 ,

361 2853 555 2930 pulum
582 2863 847 2931 pasceret
878 2863 1092 2930 tamen,
1139 2853 1404 2931 quodque
1437 2855 1494 2913 in
1523 2872 1628 2914 suo
1658 2855 1879 2915 flumine
1899 2901 1915 2930 ,
1956 2855 2012 2913 in
2042 2854 2159 2914 suis
2188 2854 2349 2912 navi·

363 2937 468 2996 bus
506 2936 602 2996 vel
638 2936 969 2999 abundantia
1007 2947 1200 2998 nostra
1237 2936 1332 2997 vel
1366 2937 1544 2998 fames
1585 2948 1761 3000 esset.
1836 2937 2166 2997 Refudimus
2209 2935 2352 2995 Nilo
2460 2964 2461 3043 1

364 3036 494 3079 suas
517 3021 741 3097 copias:
771 3024 991 3098 recepit
1018 3021 1292 3082 frumenta
1316 3039 1458 3098 quae
1486 3025 1712 3082 miserat
1740 3021 2173 3100 deportatasque
2195 3037 2354 3080 mes·
2460 3054 2461 3061 κ

365 3119 461 3159 ses
483 3105 717 3163 revexit.
755 3104 950 3164 Discat
978 3106 1146 3182 igitur
1165 3105 1467 3184 Aegyptus
1488 3106 1793 3183 credatque
1816 3106 2203 3184 experimento
2233 3122 2355 3164 non

365 3182 624 3244 alimenta
656 3205 721 3246 se
753 3190 916 3248 nobis
943 3188 1048 3247 sed
1078 3189 1282 3249 tributa
1312 3199 1629 3268 praestare:
1669 3192 1812 3250 sciat
1841 3208 1905 3249 se
1934 3203 2212 3248 nonesse
2244 3202 2433 3267 [ιο-35

366 3265 500 3343 pulo
529 3266 777 3330 Romano
807 3274 1215 3348 necessariam,
1254 3282 1312 3332 et
1339 3282 1523 3333 tamen
1549 3275 1771 3335 serviat.
1812 3272 1948 3334 Post
1965 3273 2141 3349 haec,
2176 3274 2228 3333 si
2245 3291 2351 3332 vo-

296 3393 299 3396 .
366 3347 480 3424 let,
521 3348 682 3409 Nilus
711 3364 856 3413 amet
885 3354 1106 3414 alveum
1134 3373 1294 3415 suum
1327 3364 1387 3416 et
1415 3356 1650 3417 fluminis
1678 3357 1901 3418 modum
1928 3365 2152 3419 servet:
2206 3357 2354 3417 nihil

368 3431 479 3490 boc
513 3431 584 3493 ad
609 3434 834 3511 urbem,
864 3454 932 3495 ac
961 3456 1033 3498 ne
1061 3440 1131 3499 ad
1162 3439 1487 3519 Aegyptum
1517 3441 1772 3522 quidem,
1806 3443 1913 3503 nisi
1941 3453 2000 3503 ut
2031 3439 2163 3502 inde
2192 3445 2356 3507 navi-

951 3594 976 3623 Χ
