2467 3850
936 227 1416 284 PRAEFATIO.
2145 241 2224 280 vn

151 383 210 433 ter
226 378 457 438 Vaticanus
482 389 558 438 est
579 399 778 440 numero
797 386 936 444 3864
950 426 964 448 ,
1006 386 1057 441 in
1078 384 1368 440 membranis
1391 383 1574 440 tonnae
1592 384 1848 456 quadratae
1866 386 2072 456 scriptus
2085 429 2098 452 ,
2140 387 2224 460 qui

151 470 240 533 post
256 464 458 522 Caesaris
480 467 542 522 de
567 467 696 524 bello
719 467 900 524 Gallico
922 470 1289 524 commentarios
1318 468 1459 524 Plinii
1480 466 1790 538 epistularum
1818 468 1966 524 libros
1998 477 2225 542 quattuor

148 546 297 616 primos
324 551 534 606 continet
554 551 592 606 f.
616 553 684 610 76
710 579 782 591 ·-
807 552 846 608 f.
878 556 1001 612 108.
1043 558 1273 608 secuntur
1299 549 1513 608 Sallustii
1538 553 1795 608 orationes·
1837 554 2070 623 scriptura
2111 570 2220 625 per·

147 646 265 701 quam
281 641 493 690 accurata
512 643 602 700 est,
623 650 767 707 saepe
787 636 932 691 etiam
954 636 1196 693 vocabulis
1216 651 1316 691 non
1335 636 1571 692 distinctis
1590 637 1829 702 continua,
1851 643 1902 692 et
1921 652 2064 709 quam
2082 639 2220 694 initio

145 717 294 772 saeculi
313 717 481 774 decimi
515 719 656 774 facile
684 720 884 775 tribuas.
924 720 976 775 in
1005 720 1172 791 primis
1201 719 1393 776 schedis
1422 720 1574 776 multa
1611 721 1792 776 recenti
1820 735 1964 776 manu
2003 729 2220 778 correcta

144 805 257 865 sunt,
291 817 407 872 quae
437 805 697 859 maximam
728 810 914 874 partem
945 818 975 859 e
1005 804 1172 861 codice
1201 811 1398 861 centum
1429 804 1739 874 epistularum
1769 804 1966 860 fluxisse
1990 806 2219 863 intellexi.

143 882 236 937 hnic
250 885 506 943 addendum
533 893 609 943 est
641 888 833 943 tertium
851 888 926 943 vel
945 889 1107 959 potius
1119 931 1133 953 ‚
1163 888 1387 961 quoniam
1408 887 1468 943 de
1489 887 1773 944 Schureneri
1794 889 1960 944 codice
1980 889 2098 945 mihi
2121 906 2219 946 non

143 975 313 1034 constat,
334 970 598 1027 secundum
618 971 943 1044 apographum
955 1015 969 1037 ,
995 972 1150 1028 codex
1169 971 1412 1028 Mediceus
1430 972 1507 1028 vel
1530 972 1872 1027 Laurentianus
1890 973 2039 1044 plutei
2052 973 2218 1029 XLVll

141 1052 219 1115 36.
248 1054 326 1124 qui
354 1070 482 1110 nunc
501 1071 627 1110 unus
647 1056 862 1112 omnium
883 1056 1115 1112 librorum
1133 1071 1280 1112 manu
1299 1056 1588 1126 scriptorum
1605 1057 1850 1129 integrum
1876 1072 2051 1112 novem
2070 1056 2217 1113 libro-

139 1149 227 1189 rum
253 1153 496 1195 numerum
528 1145 675 1196 tenet.
716 1140 760 1195 is
801 1146 876 1195 est
915 1140 1305 1196 membranaceus
1345 1141 1499 1197 forma
1539 1140 1765 1213 quadrata
1802 1141 1995 1196 saeculo
2027 1141 2214 1197 decimo

136 1219 338 1289 scriptus,
381 1223 770 1295 quaternionibus
795 1223 1005 1280 sedecim
1024 1231 1075 1280 et
1093 1226 1319 1297 quinione
1338 1239 1436 1280 uno
1449 1268 1463 1290 ,
1512 1225 1592 1297 qui
1625 1231 1701 1280 est
1730 1225 1945 1280 ultimus·
1995 1225 2216 1299 singulae

136 1304 313 1375 paginae
331 1307 466 1363 initio
488 1307 641 1363 XXIV
656 1322 883 1363 versuum
903 1315 1041 1374 sunt,
1085 1310 1256 1365 deinde
1278 1307 1439 1374 XXV.
1479 1315 1722 1380 postremo
1747 1307 1916 1366 XXVI.
1958 1315 2033 1364 est
2051 1315 2214 1364 autem

135 1387 265 1443 codex
300 1389 356 1446 ab
388 1392 560 1448 eodem
591 1391 780 1447 librario
813 1393 1020 1463 scriptus
1051 1393 1317 1466 eodemque
1347 1394 1541 1449 omnino
1573 1392 1738 1449 babitu
1771 1400 1914 1464 atque
1947 1393 2099 1448 Taciti
2125 1407 2213 1447 sex

132 1469 332 1528 librorum
351 1476 591 1531 annalium
612 1475 782 1533 codex.
823 1477 950 1532 tituli
970 1492 1082 1533 cum
1100 1477 1332 1533 librorum
1351 1483 1457 1532 tum
1480 1478 1787 1548 epistularum
1813 1476 1988 1548 ubique
2008 1477 2212 1548 diligen·

133 1560 194 1609 ter
211 1559 377 1614 exarati
395 1568 525 1625 sunt,
546 1560 638 1615 nisi
657 1560 785 1632 quod
803 1560 851 1616 in
874 1560 1008 1617 initio
1028 1562 1169 1632 primi
1185 1561 1295 1617 libri
1317 1562 1511 1617 nomine
1537 1563 1713 1617 omisso
1736 1561 1914 1633 legitur
1934 1560 1955 1591 θ
1969 1558 2211 1617 EPISTU-

131 1637 249 1694 LAR.
280 1642 483 1700 LlB.1.'
545 1646 827 1700 terminatur
858 1646 908 1700 in
941 1646 1140 1716 epistula
1160 1645 1312 1710 v1111,
1337 1649 1432 1710 26,
1455 1648 1491 1703 8
1521 1644 1597 1700 his
1622 1645 1778 1701 verbis
1800 1645 1820 1676 θ
1838 1652 1888 1700 et
1920 1645 2029 1700 alibi
2046 1640 2222 1699 &Tse

130 1720 218 1777 ΑΕ
254 1722 593 1784 ΘΙΜΛΙΜ
627 1720 815 1804 {FINIT
862 1722 1322 1806 EPISTULARUM!
1354 1726 1559 1784 LIBER.
1582 1728 1765 1785 Ullll’.
1796 1729 1847 1783 in
1878 1735 2048 1784 octavo
2068 1727 2206 1791 libro.

128 1822 251 1880 quem
267 1811 506 1885 integrum
536 1811 706 1877 babet,
739 1811 971 1883 scriptura
1005 1813 1185 1869 codicis
1204 1813 1271 1868 ita
1292 1814 1531 1869 consentit
1550 1827 1662 1868 cnm
1681 1812 1740 1867 iis
1759 1826 1880 1884 quae
1902 1813 1963 1868 de
1982 1812 2065 1868 illo
2086 1811 2209 1867 libro

126 1892 285 1960 primus
303 1893 628 1953 Schurenerus
659 1896 803 1953 edidit
833 1903 914 1963 ut,
945 1897 1037 1954 nisi
1056 1896 1225 1953 lacuna
1243 1897 1462 1968 impressi
1480 1896 1684 1968 exempli
1706 1896 1915 1952 obstaret
1934 1911 2029 1968 quo
2051 1896 2210 1951 minus

126 1983 240 2034 certo
267 1982 620 2050 pronuntiarem
633 2025 647 2047 ,
693 1981 822 2037 hunc
849 1983 1009 2053 ipsum
1037 1997 1067 2038 a
1099 1980 1400 2037 Schurenero
1433 1996 1711 2052 expressum
1750 1993 1856 2035 esse
1888 1979 2204 2035 adfirmarem.

125 2062 282 2128 primus
301 2070 486 2131 autem.
510 2065 639 2137 quod
658 2067 821 2130 sciam,
845 2066 970 2121 inter
987 2066 1132 2122 Italos
1153 2081 1212 2121 eo
1231 2065 1401 2122 codice
1423 2081 1539 2121 usus
1559 2071 1634 2120 est
1652 2064 1721 2119 lo.
1740 2063 1885 2119 Maria
1910 2064 2205 2124 Catanaeus;

124 2145 190 2214 qui
220 2162 356 2219 quem
385 2150 435 2204 in
468 2150 678 2205 secunda
698 2149 835 2206 Plinii
870 2150 1076 2206 editione
1106 2164 1231 2206 anno
1266 2154 1405 2207 1518
1435 2149 1688 2205 Mediolani
1720 2149 1846 2204 sacta
1878 2148 2041 2215 (antea
2082 2147 2209 2201 enim

123 2241 227 2284 anno
249 2232 381 2291 1506
406 2232 615 2289 Plinium
643 2234 877 2301 ediderat)
890 2277 904 2298 ‚
936 2234 1235 2306 pontificium
1259 2234 1473 2289 codicem
1496 2234 1613 2289 dicit
1642 2239 1691 2289 et
1725 2247 1836 2287 cum
1856 2233 2063 2304 quinque
2086 2229 2206 2286 Cor·

121 2312 215 2367 nelii
232 2315 377 2371 Taciti
396 2317 532 2372 libris
550 2333 702 2389 nuper
719 2318 923 2374 inventis
942 2319 1252 2375 coniunctum
1272 2318 1420 2374 fuisse
1439 2319 1520 2383 ait,
1543 2319 1587 2373 is
1605 2332 1631 2371 a
1642 2316 1857 2373 Mediceo
1883 2331 1978 2371 non
1994 2315 2208 2371 diversus

120 2402 194 2451 est.
232 2414 341 2454 nam
361 2400 448 2457 illo
467 2407 685 2473 tempore
706 2401 848 2458 Plinii
878 2402 1033 2459 codex
1067 2415 1159 2458 una
1179 2418 1292 2457 cum
1313 2402 1507 2474 reliquis
1534 2401 1855 2457 Mediceorum
1874 2400 2008 2455 libris
2027 2397 2212 2453 Romae

121 2486 219 2535 erat.
278 2491 448 2554 postea
481 2484 705 2541 Nicolaus
734 2486 955 2542 Heinsius
1000 2502 1111 2542 eum
1154 2486 1359 2542 contulit
1385 2501 1498 2541 cum
1544 2485 1763 2555 exemplo
1801 2484 1972 2540 Aldino
1987 2524 2001 2546 ‚
2043 2497 2071 2536 e
2112 2496 2206 2552 quo

119 2566 385 2637 exscriptam
405 2569 669 2640 scripturae
695 2568 1057 2642 discrepantiam
1085 2570 1254 2626 habuit
1278 2569 1485 2625 Cottius.
1548 2584 1661 2625 cum
1688 2567 1783 2623 boc
1804 2569 1956 2640 igitur
1985 2565 2108 2622 libro
2142 2566 2207 2620 ita

119 2645 215 2703 iacit
230 2651 489 2709 Vaticanus
507 2653 661 2709 codex
685 2660 743 2709 ut
759 2662 1016 2727 utrumque
1036 2670 1098 2709 ex
1117 2671 1216 2710 uno
1236 2653 1494 2724 exemplari
1512 2654 1805 2723 descriptum
1832 2666 1940 2706 esse
1970 2656 2206 2720 appareat.

116 2729 156 2786 in
173 2748 260 2805 quo
283 2751 407 2808 quae
429 2736 718 2792 membranis
737 2737 917 2810 aliquot
936 2738 1133 2809 perditis
1151 2739 1350 2809 periisse
1369 2738 1467 2793 dixi
1487 2742 1601 2792 sunt
1619 2736 1739 2791 baec
1758 2736 1806 2799 1.
1831 2738 1913 2799 16,
1945 2737 1976 2789 1
1996 2749 2105 2788 vero
2130 2759 2202 2771 -

116 2817 537 2881 20.7oennede-:
562 2820 642 2889 111,
670 2825 715 2886 1,
742 2826 803 2880 ll
823 2823 922 2895 suit
951 2821 1065 2878 obiit
1090 2849 1162 2862 --
1191 2822 1253 2888 3,
1276 2818 1814 2894 5oeederepoussslI,
1837 2822 1895 2883 8,
1920 2820 1956 2873 4
1980 2823 2068 2872 est.
2097 2815 2208 2870 Vale

116 2924 184 2938 -
213 2905 267 2969 9,
303 2908 377 2963 28
408 2904 519 2960 dixi
548 2904 809 2978 diliqmoer.
873 2905 1086 2962 Medioeo
1108 2913 1269 2961 autem
1291 2911 1341 2959 et
1359 2905 1585 2960 Vaticano
1606 2903 1757 2959 codici
1780 2902 1918 2965 olim,
1953 2916 2064 2956 cum
2097 2906 2208 2970 post

115 2980 462 3044 Observationes
493 2989 680 3044 criticas
704 2989 753 3044 in
787 2989 1020 3045 Catonem
1051 2997 1102 3045 et
1117 2991 1376 3045 Varronem
1406 3005 1456 3060 p.
1479 2990 1548 3046 86
1580 3002 1668 3059 sqq
1698 2986 1759 3043 de
1786 2985 1926 3042 Plinii
1962 2984 2208 3041 codicibus

113 3071 321 3138 quaedam
355 3071 666 3138 adnotabam‚
712 3074 908 3130 tertium
928 3075 1233 3130 adiunxeram
1255 3073 1546 3146 Pragensem
1567 3072 1797 3127 codicem.
1857 3070 1995 3125 cuius
2034 3068 2206 3123 eximia

111 3166 232 3221 quam
253 3157 441 3211 scilicet
460 3156 713 3213 laudabant
738 3158 1024 3229 praestantia
1044 3171 1155 3213 eum
1175 3174 1273 3213 non
1304 3158 1462 3213 solum
1481 3155 1734 3227 Pragensis
1765 3154 1942 3218 editor,
1986 3153 2101 3207 artis
2132 3153 2206 3206 in

109 3236 284 3293 scientia
329 3240 511 3310 pariter
543 3247 688 3313 atque
714 3242 1040 3297 imbecillitate
1072 3241 1235 3297 iudicii
1267 3239 1516 3305 notabilis,
1572 3246 1740 3309 captus
1771 3247 1923 3300 esset,
1955 3237 2044 3293 sed
2077 3236 2207 3292 docti

108 3320 232 3376 etiam
267 3322 489 3379 homines
523 3326 725 3395 turpiter
756 3340 812 3380 se
841 3326 941 3381 falli
973 3332 1024 3381 et
1059 3326 1119 3381 ad
1149 3326 1270 3379 mira
1289 3324 1518 3396 quaedam
1558 3329 1829 3378 commenta
1869 3320 2039 3376 adduci
2080 3320 2208 3390 passi

106 3413 269 3471 essent,
313 3409 384 3463 ita
425 3408 606 3463 iustum
652 3411 858 3479 pretium
891 3410 1011 3465 libro
1048 3417 1259 3465 statuere
1289 3407 1408 3463 mihi
1437 3405 1631 3463 videbar
1660 3414 1716 3461 ut
1746 3421 1807 3460 ex
1837 3404 2009 3459 eodem
2036 3415 2209 3459 novem

105 3485 317 3547 librorum
357 3492 619 3565 exemplari
654 3508 682 3547 e
713 3509 807 3565 quo
841 3493 1083 3548 Mediceus
1115 3499 1164 3547 et
1181 3492 1436 3547 Vaticanus
1467 3491 1721 3546 fluxissent
1752 3488 2068 3559 neglegenter
2097 3495 2208 3537 eum
