2467 3850
296 192 418 255 276
1135 192 1197 255 C.
1244 193 1436 255 PLINI

297 363 493 423 esses,
525 343 813 405 consulem
839 350 899 406 te
918 337 1174 406 haberet
1192 349 1400 411 tantum
1434 364 1501 406 an
1530 357 1588 407 et
1619 346 1968 423 senatorem,
1999 345 2110 406 hoc
2132 365 2281 407 nunc

294 432 440 490 scito
494 431 772 490 interesse
823 430 1137 507 principem
1180 441 1239 491 te
1281 429 1484 491 habeat
1526 441 1732 491 tantum
1770 449 1838 490 an
1869 439 1928 510 et
1969 430 2280 490 consulem.
2349 449 2357 455 ·

294 513 393 573 His
426 521 509 572 tot
547 515 826 591 tantisque
867 513 1173 588 rationibus
1202 515 1537 591 quamquam
1557 514 1787 574 'multum
1814 514 2085 574 reluctata
2111 529 2297 573 vere-'

295 596 496 657 cundia
537 598 808 674 principis
844 599 1019 656 nostri
1060 597 1281 656 tandem
1323 607 1505 657 tamen
1548 600 1738 658 cessit.
1793 598 1870 657 At
1922 596 2279 676 quemadmo·
2353 625 2359 630 ·

295 681 424 740 dum
458 677 675 740 cessit?
722 679 849 739 Non
876 699 942 739 se
973 690 1032 740 ut
1061 683 1322 758 privam,
1365 680 1468 741 sed
1498 690 1556 739 ut
1586 683 1832 758 privatos
1864 681 1971 741 sibi
2000 699 2168 759 pares
2197 679 2278 741 fa·
2297 691 2340 745 5

296 772 473 825 ceret.
541 763 784 841 Recepit
827 763 973 822 enim
1003 766 1224 842 tertium
1257 763 1638 841 consulatum,
1692 774 1752 824 ut
1791 765 1966 825 daret.
2029 763 2282 824 Noverat

294 847 733 907 moderationem
756 847 1033 906 hominum
1049 893 1066 923 ,
1095 846 1333 907 noverat
1350 847 1652 926 pudorem,
1687 850 1917 927 quinon
1938 850 2284 909 sustinerent

294 933 465 993 tertio
495 929 764 992 consules
798 948 928 990 esse
960 933 1068 991 nisi
1101 949 1226 990 cum
1256 941 1345 991 ter
1374 930 1628 993 consule.
1694 931 1979 993 Bellorum
2009 931 2159 992 istud
2185 947 2280 990 so-

296 1017 398 1075 ciis
429 1014 589 1090 olim,
615 1049 618 1052 -
642 1012 1021 1093 periculorum
1053 1016 1444 1091 consortibus,
1494 1025 1880 1093 parcetamen
1908 1013 2278 1092 tribuebatur,

295 1097 444 1177 quod
480 1108 540 1157 tu
581 1098 954 1175 singularibus
997 1100 1163 1174 viris,
1214 1116 1282 1158 ac
1312 1098 1383 1158 de
1414 1108 1471 1158 te
1504 1097 1728 1176 quidem
1754 1098 1902 1159 bene
1930 1113 2000 1158 'ac
2031 1098 2276 1175 fortiter,
2298 1111 2385 1163 lo
2460 1171 2461 1174 Ἴ

295 1182 396 1241 sed
429 1182 759 1259 praestitisti
783 1183 837 1240 in
867 1189 998 1258 toga
1027 1183 1255 1241 meritis.
1280 1180 1599 1259 Utriusque
1633 1201 1785 1259 cura,
1816 1185 2106 1260 utriusque
2133 1183 2280 1258 vigi-

293 1266 457 1325 lantia
489 1265 790 1343 obstrictus
823 1264 920 1340 es,
940 1323 946 1330 ,
966 1262 1192 1338 Caesar.
1257 1264 1372 1324 Sed
1411 1266 1752 1344 in.principe
1781 1284 1963 1327 rarum
2000 1282 2066 1326 ac
2086 1262 2281 1343 'prope

189 1363 201 1375 ·
294 1348 577 1420 insolitum
606 1343 696 1414 est
725 1356 784 1423 ut
813 1349 878 1407 se
907 1342 1069 1427 putet
1099 1345 1427 1425 obligatum,
1459 1359 1552 1410 aut
1583 1352 1630 1409 si
1659 1358 2037 1427 putet,·amet.
2081 1345 2280 1409 Debes

295 1450 466 1509 erge,
502 1430 743 1507 Caesar,
775 1440 832 1490 et
862 1431 1060 1495 solvis.
1117 1431 1231 1490 Sed
1265 1440 1506 1491 cum-ter
1535 1434 1800 1492 consules
1832 1432 2006 1508 facis,
2038 1449 2147 1493 non
2175 1433 2279 1491 tibi

294 1528 525 1594 magnus
554 1516 854 1593 princepS,
887 1514 991 1576 sed
1022 1532 1134 1574 non
1163 1518 1416 1591 ingratus
1445 1517 1654 1583 amicus
1675 1516 1903 1576 videris·
1943 1515 2088 1588 Quin
2111 1518 2278 1576 etiam
2299 1527 2376 1579 15

295 1616 563 1677 perquam
586 1598 806 1658 modica
822 1597 1091 1676 quaedam
1118 1601 1321 1658 civium
1344 1602 1537 1659 merita
1561 1598 1816 1661 fortunae
1841 1609 1968 1662 tuac
1991 1600 2199 1659 viribus
2224 1602 2284 1659 in

293 1684 467 1742 maius
499 1681 743 1743 extollis.
789 1681 997 1742 [Efficis
1027 1685 1175 1742 enim
1203 1692 1265 1743 ut
1291 1683 1628 1743 tantumtibi
1664 1685 2284 1762 quisquepraestitisse

295 1759 552 1826 videatur
567 1775 826 1845 quantum
852 1761 892 1825 a
914 1775 969 1844 te
998 1768 1218 1843 recipit.
1255 1759 1404 1839 Quid
1426 1768 1517 1826 isti
1547 1764 1873 1844 Benignitati
1895 1764 2140 1845 precer?
2171 1768 2284 1826 nisi
2346 1819 2357 1834 ,

295 1858 357 1909 ut
385 1868 611 1929 semper
641 1850 861 1929 obliges
879 1896 896 1927 ,
943 1849 1245 1927 obligeriS,
1288 1847 1674 1930 incertumque
1705 1851 1876 1910 facias
1900 1860 2081 1910 utrum
2100 1848 2284 1927 magis

196 1933 276 1998 61
301 1930 578 2014 expediat
594 1935 813 1995 civibus
829 1936 947 1994 ‘tuis
969 1934 1181 1994 debere
1211 1935 1312 1994 tihi
1335 1952 1403 1995 an
1425 1937 1795 2015 praestitisse.
1830 1933 2104 2012 Equidem
2123 1933 2279 1993 illum
2298 1946 2380 1998 20

295 2020 579 2096 antiquum
611 2027 860 2078 senatum
885 2018 1435 2095 -contuerividebar,
1468 2036 1592 2077 cum
1613 2029 1702 2078 ter
1733 2018 1965 2078 consule
1989 2017 2284 2078 adsidente

296 2105 461 2180 tertio
485 2101 774 2181 consulem
796 2102 1143 2179 designatum
1164 2104 1350 2178 rogari
1373 2104 1702 2163 seutentiam
1726 2120 2034 2162 cernerem.
2079 2100 2286 2173 Quanti

253 2238 258 2242 .
297 2195 431 2244 tunc
461 2185 574 2261 illi,
610 2195 957 2263 quantusque
989 2185 1076 2244 tu!
1110 2185 1337 2263 Accidit
1366 2186 1591 2263 quidem
1617 2196 1677 2256 ut
1707 2203 1945 2264 corpora
1977 2183 2284 2263 quamlib'et

293 2267 466 2343 ¹ardua
495 2278 562 2333 et,
582 2267 813 2328 excelsa
853 2269 1272 2346 procerioribus
1300 2269 1520 2329 admota
1548 2269 1911 2339 decrescant;
1955 2271 2088 2328 item
2115 2277 2172 2328 ut
2199 2267 2284 2328 al·
2342 2324 2350 2331 .

299 2349 564 2411 tissimae'
580 2352 782 2409 civium
811 2352 1107 2428 dignitates
1139 2352 1438 2413 collatione
1460 2352 1666 2431 fastigii
1690 2356 1765 2413 tui
1791 2355 1947 2431 quasi
1969 2352 2282 2431 depriman·
2301 2363 2383 2416 25

298 2445 417 2510 tur,
481 2442 801 2515 quantoque
843 2438 1075 2514 propius
1130 2436 1199 2511 ad
1240 2430 1672 2513 magnitudinem
1713 2445 1861 2496 tuam
1901 2435 2303 2512 ascenderint,-

297 2527 506 2587 ta‘ntum
531 2519 696 2577 etiam
718 2536 748 2577 a
770 2536 868 2578 sua
892 2519 1260 2580 descendisse
1287 2519 1594 2580 videantur.
1628 2518 1763 2590 Illos
1787 2530 1969 2580 tamen
1990 2529 2069 2592 tu,
2095 2537 2289 2597 quam·
2384 2589 2388 2592 Α

299 2621 461 2681 quam
488 2620 601 2662 non
630 2604 857 2680 potuisti
885 2604 985 2662 tibi
1016 2620 1260 2681 aequare
1277 2649 1294 2680 ,
1329 2622 1455 2664 cum
1483 2603 1697 2680 velles,
1728 2603 1871 2664 adeo
1894 2605 1949 2662 in
1973 2604 2124 2665 edito
2148 2618 2288 2662 con·

298 2688 500 2747 locasti
541 2696 600 2746 ut
640 2684 850 2746 tantum
888 2705 1063 2765 super
1091 2684 1319 2746 ceteros
1353 2693 1614 2765 ‘quantum
1642 2689 1780 2747 infra
1810 2696 1868 2746 te
1899 2694 2285 2758 cernerentur.

300 2772 360 2829 Si
400 2773 561 2830 unius
605 2774 828 2832 tertium
870 2770 1218 2842 consulatum
1261 2772 1498 2830 eundem
1540 2773 1595 2830 in
1625 2789 1823 2832 annum
1848 2773 1903 2830 in
1936 2787 2101 2848 quem
2129 2779 2390 2833 tuum30
2460 2782 2461 2853 ζ

303 2854 673 2929 contulisses,
717 2856 959 2932 ingentis
986 2855 1149 2927 animi
1179 2856 1471 2934 specimen
1504 2853 1823 2926 haberetur.
1876 2854 1951 2914 Ut
1982 2856 2126 2913 enim
2155 2852 2289 2912 feli-

304 2937 482 2995 citatis
512 2947 600 2996 est
631 2947 890 3016 quantum
910 2937 1055 2999 velis
1074 2931 1256 3016 posse
1271 2983 1288 3014 ,
1321 2941 1404 2997 sic
1430 2932 1820 3014 magnitudinis
1843 2937 1998 2997 velle
2022 2946 2292 3016 quantum

305 3021 511 3093 possis.
561 3019 885 3080 Laudandus
915 3021 1151 3098 ‘quidem
1192 3029 1251 3086 et
1289 3020 1387 3082 ille
1419 3023 1512 3100 qui
1542 3025 1763 3081 tertium
1792 3020 2137 3081 consulatum
2164 3038 2290 3080 mef-

304 3101 444 3174 ruit,
490 3101 591 3160 sed
631 3105 807 3181 magis
851 3104 955 3163 sub
986 3122 1097 3182 quo
1129 3107 1357 3164 meruit:
1400 3123 1629 3181 magnus
1659 3103 2156 3183 memorandusque
2185 3106 2292 3181 qui
2372 3128 2376 3133 Δ

305 3188 513 3242 tantum
543 3189 1059 3264 praemium‘cepit,
1111 3186 1233 3247 sed·
1256 3191 1429 3249 maior
1471 3191 1566 3266 qui
1607 3191 1847 3266 capienti
1878 3187 2046 3248 dedit.
2110 3184 2291 3265 Quid,-
2309 3197 2395 3253 35

306 3264 455 3349 quod
483 3264 623 3324 duos
653 3271 863 3345 pariter
889 3271 1062 3330 tertio
1089 3271 1411 3348 consulatu,
1443 3272 1582 3332 duos
1612 3271 1865 3348 collegas
1887 3274 1967 3330 tui
1990 3273 2296 3331 sanctitate

307 3343 642 3431 decorasti?
674 3361 733 3408 ut
770 3353 841 3413 sit
883 3355 1088 3412 nemini
1117 3352 1339 3413 dubium
1366 3357 1507 3414 hanc
1543 3355 1643 3413 tibi
1676 3357 2031 3433 praecipuam
2059 3356 2303 3415 causam'.

307 3427 487 3487 fuisse
516 3431 853 3511 extendendi
882 3434 1203 3505 consulatus
1234 3440 1346 3515 tui,
1378 3447 1436 3498 ut
1460 3437 1688 3498 duorum
1721 3437 2042 3500 consulatus
2069 3434 2293 3516 ample·
