2467 3850
591 173 1110 237 EPISTULARUM
1128 176 1256 237 vll.
1296 187 1384 240 22.
1406 187 1491 241 23.
1514 187 1603 241 24.
1628 189 1715 242 25.
2016 181 2135 248 147

156 325 205 385 si
234 324 378 385 deus
408 326 732 404 adnuisset,
761 337 941 406 pater.
1002 328 1155 390 Vixit
1185 331 1243 389 in
1276 331 1643 391 contubernio
1672 333 1831 392 aviae
1862 333 2137 396 delicatae

158 411 526 469 severissime
566 420 627 470 et
656 419 838 470 tamen
871 412 1404 490 obsequentissime.
1466 413 1720 475 Habebat
1744 414 1840 475 illa
1866 421 2187 496 pantomi-4

156 509 280 551 mos
312 492 656 572 fovebatque
687 495 918 555 effusius
950 514 1117 573 quam
1148 499 1391 576 principi
1421 497 1662 557 feminae
1694 502 1972 560 convenit.
2014 501 2136 564 Hos

158 575 470 649 Quadratus
499 595 610 637 non
637 578 693 636 in
723 578 973 656 theatro,
1014 597 1125 638 non
1148 579 1295 639 domi
1324 582 1647 659 spectabat;
1676 601 1786 642 nec
1814 582 1909 644 illa
1942 586 2133 661 exige-

78 731 83 735 ,
108 660 269 719 5bat.
327 660 530 720 Audivi
561 662 771 739 ipsam,
803 679 928 720 cum
956 662 1089 721 mihi
1118 663 1536 724 commendaret
1558 667 1784 742 nepotis
1820 667 1905 725 sui
1934 668 2133 746 studia,
2151 677 2184 728 5

155 743 350 804 solere
380 762 477 821 se,
520 753 580 803 ut
620 744 877 804 feminam
905 747 964 804 in
988 745 1088 805 illo
1119 749 1234 818 otio
1276 766 1480 825 sexus,
1520 747 1709 807 laxare
1743 751 1977 809 animum
2009 750 2138 813 lusu

157 824 523 904 calculorum,
551 827 742 888 solere
771 838 1033 907 spectare
1061 832 1428 906 pantomimos
1449 849 1616 900 suos;
1644 831 1747 892 sed
1774 850 1899 891 eum
1924 832 2135 894 factura

157 919 317 971 esset
355 909 712 987 alterutrum,
760 929 990 989 semper
1025 932 1090 973 se
1131 915 1327 991 nepoti
1366 931 1472 974 suo
1507 915 1907 993 praecepisse,
1957 918 2136 979 abiret

157 993 554 1072 studeretque;
595 994 746 1073 quod
774 996 904 1054 mihi
932 1014 1045 1056 non
1073 1014 1263 1057 amore
1294 999 1414 1057 eius
1444 999 1620 1073 magis
1649 996 1840 1058 facere
1863 1017 2024 1077 quam
2045 1019 2135 1062 re-

75 1088 140 1138 lo
154 1079 410 1138 verentia
437 1078 745 1138 videbatur.
807 1078 1100 1140 Miraberis
1118 1125 1137 1156 ‚
1169 1088 1227 1140 et
1257 1097 1368 1157 ego
1399 1083 1627 1140 miratus
1659 1099 1798 1141 sum.
1863 1081 2185 1147 Proximisfi

153 1161 597 1222 sacerdotalibus
626 1161 772 1222 ludis
800 1162 1090 1240 productis
1105 1165 1162 1223 in
1187 1166 1582 1225 commissione
1612 1165 1981 1243 pantomimis,
2008 1185 2136 1229 cum

154 1243 317 1304 simul
339 1244 565 1305 'theatro
594 1263 708 1322 ego
739 1255 795 1305 et
826 1245 1139 1318 Quadratus
1168 1247 1590 1325 egrederemur,
1620 1249 1696 1307 ait
1721 1248 1853 1307 mihi
1881 1251 2021 1311 ‘scis
2042 1269 2134 1312 me

152 1326 324 1387 hodie
358 1330 592 1408 primum
633 1328 846 1389 vidisse
887 1329 1179 1391 saltantem
1224 1333 1381 1390 aviae
1420 1349 1578 1391 meae
1619 1329 1952 1392 libertum?'
2008 1333 2133 1394 Hoc

151 1429 355 1489 nepos,
429 1412 504 1471 At
544 1411 789 1472 Hercule
829 1412 1157 1474 alienissimi
1199 1412 1454 1475 homines
1497 1416 1552 1474 in
1591 1414 1863 1474 honorem
1891 1415 2183 1488 Quadra-7

73 1507 138 1560 15
156 1494 310 1556 tiliae
340 1494 545 1573 (pudet
588 1514 677 1556 me
719 1496 927 1556 dixisse
969 1497 1270 1575 honorem)
1306 1515 1412 1576 per
1438 1497 1768 1558 adulationis
1803 1497 2049 1559 officium
2076 1502 2134 1559 in

153 1577 430 1638 theatrum
455 1579 830 1655 cursitabant,
865 1580 1222 1658 exultabant,
1270 1580 1638 1658 plaudebant,
1673 1580 2034 1660 mirabantur,
2064 1601 2133 1642 ac

155 1661 359 1721 deinde
392 1661 643 1739 singulos
676 1673 875 1740 gestus
915 1662 1168 1722 dominae
1213 1680 1339 1722 cum
1380 1665 1610 1723 canticis
1649 1662 1988 1735 reddebant;
2039 1669 2133 1745 qui

146 1764 303 1804 nunc
332 1747 694 1823 exiguissima
719 1746 937 1823 legata,
987 1746 1272 1806 theatralis
1302 1763 1512 1822 operae
1544 1745 1932 1824 corollarium,
1982 1751 2131 1808 acci-

153 1831 312 1907 pient
335 1829 403 1888 ab
431 1829 677 1906 herede,
721 1832 948 1908 quinon
978 1828 1292 1908 spectabatss
1332 1827 1521 1905 Haec,
1546 1830 1682 1905 'quia
1707 1827 1885 1904 soles,
1917 1832 1965 1890 si
2000 1832 2182 1909 quide

71 1926 139 1978 20
153 1910 346 1973 incidit
372 1915 525 1991 novi,
555 1931 666 1973 non
689 1916 890 1973 invitus
920 1913 1138 1982 audire;
1173 1911 1398 1989 deinde,
1430 1914 1557 1990 quia
1587 1911 1887 1974 iucundum
1917 1924 2007 1974 est
2031 1916 2131 1973 mi·

152 1997 210 2056 hi
242 1995 391 2074 quod
427 2015 689 2075 ceperam
721 1997 981 2074 gaudium
1009 1995 1306 2058 scribendo
1333 2006 1658 2057 retractare.
1726 1993 1956 2058 Gaudeo
1987 1999 2133 2060 enim

150 2082 363 2159 pietate
396 2079 729 2159 defunctae,
774 2080 989 2141 honore
1031 2083 1228 2158 optimi
1272 2082 1522 2157 iuvenis,
1570 2080 1752 2140 laetor
1780 2082 1946 2140 etiam
1981 2082 2131 2160 quod

151 2164 350 2224 domus
381 2163 677 2241 aliquando
712 2162 777 2224 G.
810 2163 1004 2241 Cassi,
1046 2163 1207 2224 huius
1249 2167 1345 2243 qui
1388 2163 1691 2224 Cassianae
1720 2162 1952 2225 scholae
1981 2167 2130 2245 prin-

154 2265 296 2325 ceps
325 2256 382 2306 et
411 2266 612 2325 parens
641 2248 765 2325 fuit,
797 2250 1008 2308 serviet
1036 2247 1263 2308 domino
1288 2267 1400 2308 non
1427 2249 1644 2308 minori.
1712 2246 1952 2326 Inplebit
1982 2251 2177 2309 enim9

70 2346 136 2397 25
153 2329 309 2389 illam
339 2330 652 2402 Quadratus
681 2350 839 2392 meus
869 2340 928 2391 et
953 2331 1180 2392 decebit
1208 2350 1517 2410 rursusque
1547 2333 1602 2391 ei
1632 2333 1920 2409 pristinam
1952 2332 2128 2409 digni-

54 2440 57 2443 ⁴
151 2422 323 2473 tatem
352 2413 742 2475 celebritatem
770 2414 1004 2492 gloriam
1024 2416 1246 2494 reddet,
1282 2434 1408 2475 cum
1435 2425 1617 2476 tantus
1641 2422 1828 2476 orator
1847 2416 1976 2476 inde
1998 2433 2129 2496 pro·

154 2496 355 2574 cedet,
388 2508 623 2574 quantus
656 2500 792 2557 iuris
820 2490 924 2558 ille'
949 2499 1260 2560 consultus.
1322 2498 1484 2560 Vale.

9 564 18 593 l

1167 2631 1235 2690 V.

70 2754 136 2807 30
754 2728 809 2783 e.
848 2630 1295 2781 ΡιῐΝῑΠξξωΕο
1331 2729 1447 2781 suo
1482 2728 1533 2780 s,
2006 2715 2068 2804 s
2139 2719 2144 2726 ‘

94 2893 107 2898 ,
275 2828 324 2889 Ο
349 2840 608 2907 quantum
637 2831 978 2891 eruditorum
998 2842 1090 2906 aut
1111 2832 1387 2892 modestia
1411 2832 1661 2910 ipsorum
1690 2841 1782 2890 aut
1807 2834 1966 2909 quies
1990 2849 2125 2909 ope·
2145 2849 2175 2899 1

10 2905 11 2918 ¹
149 2914 224 2974 rit
251 2931 320 2974 ac
361 2914 635 2974 subtrahit
666 2916 875 2978 famae!
919 2914 994 2974 At
1036 2933 1141 2976 nos
1184 2930 1290 2975 eos
1327 2925 1537 2975 tantum
1564 2914 1764 2974 dicturi
1793 2914 2001 2993 aliquid
2032 2928 2148 2978 aut*

9 2921 16 3088 fl
149 2998 356 3058 lecturi
387 2998 644 3058 timemus
687 3001 781 3076 qui
824 2999 1004 3059 studia
1041 3016 1141 3058 sua
1180 2997 1503 3076 proferunt,
1555 3016 1680 3057 cum
1710 2997 1789 3056 illi
1821 3000 1913 3076 qui
1939 3008 2128 3060 tacent

10 3115 15 3336 ,
78 3081 83 3086 ’
149 3080 264 3141 hoc
293 3080 533 3159 amplius
572 3092 860 3161 praestent
903 3082 1054 3161 quod
1091 3083 1383 3141 maximum
1423 3098 1565 3158 opus
1601 3080 1827 3141 silentio
1858 3100 2125 3143 reveren-

20 3165 23 3166 ’
70 3174 260 3228 35tur.
296 3163 583 3243 Expertus
617 3166 807 3226 scribo
837 3166 987 3244 quod
1015 3165 1225 3225 scribo.
1294 3162 1587 3224 Terentius
1612 3163 1820 3241 Iunior,
1850 3169 2125 3243 equestri·
2143 3180 2176 3232 2

150 3250 260 3309 bus
295 3249 507 3310 militiis
536 3248 718 3328 adque
746 3251 912 3309 etiam
947 3249 1343 3328 procuratione
1383 3246 1764 3309 Narbonensis
1799 3252 2124 3327 provinciae

147 3334 512 3410 integerrime
541 3334 787 3411 functus,
817 3334 1038 3410 recepit
1072 3352 1137 3394 se
1163 3333 1219 3392 in
1243 3348 1409 3409 agros
1439 3349 1579 3391 suos.
1604 3334 1921 3410 paratisque
1950 3333 2123 3393 hono·

9 3457 17 3682 b
147 3418 305 3479 ribus
344 3415 856 3495 tranquillissimum
898 3418 1070 3476 otium
1127 3414 1406 3495 praetulit.
1468 3414 1627 3476 Hunc
1669 3432 1816 3558 380⁰ss
1865 3417 2176 3479 invitatus-³3
