2467 3850
749 151 1271 217 EPISTULARUM
1297 155 1420 216 vll.
1451 164 1500 219 7.
1525 166 1580 219 8.
1601 167 1650 221 9.
2075 159 2195 224 137

192 311 472 388 alteram,
515 320 577 371 ut
610 310 727 386 aiS,
773 311 901 388 ipse
932 309 1175 386 finieris,
1216 311 1457 390 incipies
1486 310 1722 389 primum
1756 312 1885 371 istic
1900 313 2032 372 v,otio
2064 312 2193 390 frui,

194 395 404 456 deinde
439 398 668 457 satiatus
705 394 774 453 ad
804 411 909 455 nos
936 396 1167 454 reverti.
1224 394 1387 455 Vale.

1115 527 1269 588 VIII.

148 658 181 709 5
767 625 823 676 C.
861 625 1108 678 PLINIUS
1143 627 1368 680 PRISCO
1406 626 1526 679 SUO
1564 626 1612 676 S.

318 728 654 808 Exprimere
689 746 800 789 non
832 745 1069 807 possum
1100 747 1265 807 quam
1301 729 1604 790 iucundum
1638 730 1713 790 sit
1754 729 1886 789 mihi
1918 729 2067 807 quod
2096 730 2195 791 Sa·
2216 746 2246 797 1

191 817 454 875 turninus
487 823 684 874 noster
723 829 965 874 summas
1004 813 1104 872 tibi
1151 814 1299 892 apud
1339 833 1427 874 me
1462 816 1669 891 gratias
1698 814 1825 874 aliis
1856 831 2032 891 super
2057 813 2195 887 alias

194 898 467 976 epistulis
507 901 642 976 agit.
702 897 886 974 Perge
925 906 986 956 ut
1026 900 1270 976 coepisti
1297 901 1590 977 virumque
1621 897 1891 975 optimum
1922 916 2084 975 quam
2114 898 2247 964 fei-2

195 982 576 1042 miliarissime
616 980 820 1058 dilige,
870 1000 1126 1059 magnam
1159 982 1507 1060 voluptatem
1540 1001 1615 1042 ex
1642 984 1881 1042 amicitia
1911 983 2035 1042 eius
2067 999 2196 1059 per·

105 1072 504 1145 incepturus,
541 1083 651 1126 nec
672 1066 742 1124 ad
771 1067 947 1127 breve
974 1076 1220 1144 tempus.
1284 1066 1424 1126 Nam
1454 1085 1579 1125 cum
1610 1067 1865 1125 omnibus
1897 1067 2195 1126 virtutibus
2213 1078 2248 1132 3

196 1150 474 1226 abundat,
531 1160 645 1210 tum
684 1149 791 1210 hac
834 1153 1144 1231 praecipue
1187 1151 1338 1229 quod
1377 1149 1548 1211 habet
1586 1151 1877 1210 maximam
1917 1151 1973 1209 in
2005 1167 2196 1210 amore

199 1236 588 1295 constantiam.
653 1233 813 1294 Vale.

120 1488 183 1538 15
281 1460 356 1570 s
795 1466 849 1517 o.
887 1368 1363 1520 ΡιιΝΙυὲῙΕῙιΙιέοο
1396 1468 1513 1520 suo
1550 1468 1604 1521 s,
1652 1443 1657 1448 ”

331 1566 572 1640 Quaeris
613 1568 1077 1644 quemadmodum
1122 1572 1179 1629 in
1220 1589 1493 1647 secessu,
1543 1587 1657 1648 quo
1698 1572 1804 1630 iam
1836 1568 1930 1628 diu
1965 1568 2192 1647 frueris,
2214 1588 2244 1639 1

203 1660 398 1730 putem
428 1660 487 1710 te
518 1650 748 1711 studere
779 1662 1067 1731 oportere.
1134 1654 1286 1714 Utile
1331 1657 1384 1714 in
1415 1657 1642 1734 primis,
1696 1663 1754 1713 et
1787 1654 1944 1713 multi
1975 1655 2247 1731 praeci-2

203 1738 395 1815 piunt,
447 1735 543 1795 vel
585 1753 660 1794 ex
716 1734 936 1796 Graeco
977 1739 1034 1796 in
1069 1736 1321 1797 Latinum
1370 1738 1465 1798 vel
1517 1756 1590 1797 ex
1633 1736 1826 1796 Latino
1871 1747 2098 1796 vertere
2139 1739 2196 1796 in

204 1818 513 1879 Graecum:
565 1837 678 1897 quo
721 1838 938 1897 genere
974 1823 1396 1883 exercitationis
1445 1823 1763 1900 proprietas
1810 1819 2196 1899 splendorque

18 1924 22 1981 ς
119 1905 527 1980 20verborum,
558 1906 723 1982 eopia
746 1906 1065 1982 figurarum,
1097 1908 1183 1966 vis
1207 1905 1547 1985 explicandi,
1574 1914 1867 1983 praeterea
1889 1905 2195 1964 imitatione

18 1992 24 2009 ⁹
205 1991 545 2068 optimorum
578 1989 778 2049 similia
814 1990 1130 2050 inveniendi
1172 1990 1408 2050 facultas
1449 1999 1699 2068 paratur:
1744 1988 1906 2048 simul
1938 2005 2083 2066 quae
2112 1987 2194 2047 le-

18 2020 22 2123 }
205 2080 433 2150 gentem
463 2072 807 2133 fefellissent
837 2074 1267 2163 transfer-eutem
1298 2074 1500 2152 fugere
1531 2092 1642 2133 non
1667 2082 1923 2152 possunt.
1967 2070 2196 2131 Intelle-

206 2159 396 2235 gentia
427 2174 501 2216 ex
527 2156 640 2216 hoc
672 2167 729 2217 et
758 2158 1019 2218 iudicium
1047 2159 1375 2237 adquiritur.
1417 2158 1570 2218 Nihil
1602 2159 1828 2218 offuerit
1860 2174 2004 2235 quae
2033 2155 2246 2234 lege-3

204 2244 285 2301 ris
313 2241 584 2301 hactenus
614 2251 671 2300 ut
693 2260 813 2301 rem
833 2253 1333 2322 argumentumque
1355 2252 1551 2303 teneas
1574 2244 1730 2321 quasi
1752 2238 2029 2301 aemulum
2054 2242 2196 2300 scri·

104 2209 345 2473 abere
375 2325 662 2403 lectisque
692 2326 975 2402 conferre,
1008 2342 1075 2386 ac
1108 2327 1308 2387 sedulo
1339 2330 1624 2405 pensitare
1656 2326 1787 2405 quid
1820 2335 1902 2403 tu,
1935 2324 2067 2403 quid
2100 2323 2197 2384 ille

210 2410 575 2470 commodius.
620 2409 822 2487 Magna
851 2410 1171 2488 gratulatiO,
1206 2415 1254 2471 si
1281 2429 1393 2472 non
1421 2411 1569 2472 nulla
1602 2421 1695 2488 tu,
1725 2428 1958 2487 magnus
1991 2408 2195 2489 pudor,

19 2486 23 2587 l
209 2496 257 2554 si
290 2503 489 2552 cuncta
519 2493 616 2553 ille
658 2482 914 2581 meliuss
923 2493 1143 2555 Licebit
1177 2496 1454 2556 interdum
1488 2506 1545 2555 et
1574 2497 1862 2556 notissima
1891 2493 2109 2570 eligere
2140 2500 2199 2552 et

19 2618 20 2671 1
210 2589 428 2638 certare
461 2596 588 2637 cum
616 2578 840 2639 electis.
886 2578 1083 2639 Audax
1110 2580 1279 2657 haec,
1307 2598 1419 2640 non
1447 2588 1631 2639 tamen
1659 2579 1918 2663 inproba,
1950 2579 2077 2655 quia
2106 2588 2250 2638 se-4

19 2678 22 2703 ÷
212 2673 363 2722 creta
405 2665 725 2723 contentio:
773 2680 1103 2742 quamquam
1151 2664 1357 2723 multos
1406 2664 1660 2723 videmus
1702 2661 1976 2721 eiusmodi
2017 2667 2201 2718 certa-
2250 2654 2264 2669 “

128 2749 352 2807 30mina
383 2746 490 2804 sibi
524 2764 648 2806 cum
677 2747 846 2806 multa
876 2747 1039 2808 laude
1074 2750 1419 2828 sumpsisse,
1472 2763 1729 2824 quosque
1761 2744 2032 2821 mbseqni
2061 2745 2198 2802 satis

19 2894 20 2913 ἶ
210 2830 519 2905 habebant,
564 2830 693 2890 dum
732 2849 843 2890 non
877 2833 1209 2910 desperant,
1253 2833 1654 2891 antecessisse.
1715 2827 1935 2887 Poteris
1969 2836 2026 2886 et
2056 2845 2250 2905 quaen

18 2918 24 3055 ὗ
211 2915 421 2974 dixeris
446 2923 578 2991 post
602 2914 945 2975 oblivionem
963 2925 1297 2991 retractare,
1329 2914 1498 2973 multa
1529 2915 1794 2987 retinere,
1829 2911 1988 2989 plura
2018 2919 2196 2971 trans-

209 3002 325 3075 ire,
371 2996 477 3058 alia
515 3000 949 3075 interscribere,
994 2999 1098 3059 alia
1135 2999 1478 3059 rescribere.
1540 2996 1903 3056 Laboriosum
1947 2995 2097 3056 istud
2140 3005 2249 3059 eto·

19 3104 20 3107 ¹
210 3082 394 3143 taedio
426 3082 654 3160 plenum
681 3084 784 3144 sed
815 3084 1141 3144 difficultate
1173 3085 1298 3161 ipsa
1325 3083 1693 3157 fructuosum,
1731 3079 2095 3140 recalescere
2125 3098 2199 3140 ex

19 3116 22 3307 f
133 3171 519 3244 35integro-et
548 3187 838 3229 resumere
868 3171 1136 3246 impetum
1176 3166 1412 3226 fractum
1445 3167 1860 3243 omissumque,
1905 3174 2196 3243 postremo

212 3269 352 3311 nova
385 3251 543 3319 velut
571 3254 819 3316 membra
850 3263 1085 3331 peracto
1116 3252 1343 3329 corpori
1373 3252 1629 3309 intexere
1664 3268 1771 3310 nec
1806 3258 1988 3309 tamen
2011 3251 2199 3328 priora

215 3337 454 3396 turbare.
518 3336 652 3397 Scio
675 3355 823 3396 nunc
855 3338 954 3397 tibi
986 3354 1119 3396 esse
1155 3337 1521 3413 praecipuum
1550 3334 1788 3393 studium
1822 3332 2042 3401 orandi3
2094 3331 2196 3391 sed
2217 3337 2247 3390 7

215 3437 324 3480 non
355 3420 483 3480 ideo
522 3440 752 3501 semper
780 3437 1097 3500 pugnacem
1129 3418 1278 3480 hunc
1319 3428 1378 3480 et
1416 3419 1573 3497 quasi
1617 3417 1970 3478 bellatorium
2010 3414 2198 3475 stilum

18 3526 26 3789 1
