2467 3850
254 231 313 268 x·
1079 215 1540 269 PRAEFATIO.

258 381 385 437 enim
398 378 456 432 ab
471 374 847 446 interpolationis
854 374 1117 444 suspitione
1135 373 1224 428 bos
1235 374 1385 429 libros
1408 373 1524 428 olim
1545 373 1799 429 defendere
1806 374 2067 442 volebam),
2094 373 2269 432 babent
2277 382 2348 432 ta-

257 480 364 521 men
379 477 501 534 quae
512 476 647 516 suam
657 459 748 514 sibi
759 458 902 514 fldem
912 460 971 513 ab
985 459 1279 528 interpolatis
1293 459 1483 513 illorum
1494 458 1742 528 scripturis
1750 459 2004 515 vindicent.
2012 475 2105 531 qua
2119 461 2169 516 in
2178 474 2231 517 re
2240 475 2352 517 ccu-

257 548 518 604 sentientes
538 559 649 599 cum
672 545 895 599 alterutra
917 552 1054 613 parte
1073 549 1294 597 recentes
1319 548 1432 597 octo
1455 541 1687 597 librorum
1707 543 1898 599 codices
1934 544 2140 615 aliquam
2167 544 2262 600 vim
2292 545 2352 600 ad

258 632 488 689 iudicium
505 629 774 700 regendum
793 626 969 682 babere
989 628 1211 698 cognovi.
1240 627 1274 681 ii
1296 626 1438 690 enim,
1461 633 1517 680 ut
1535 627 1747 682 medium
1766 627 1890 683 inter
1908 633 2158 699 utramque
2176 634 2353 684 sectam

257 719 419 772 locum
431 718 610 778 tenent,
634 713 697 767 ita
716 712 1008 782 plerumque,
1030 711 1212 781 siquae
1227 710 1593 781 interpolatione
1611 711 1663 765 in
1682 711 1906 766 alterutra
1917 711 2147 776 laborant,
2165 726 2280 769 „cum
2298 727 2354 767 ea

259 815 380 873 quae
400 800 636 869 integram
656 797 937 866 scripturam
959 795 1161 848 servavit
1180 794 1391 857 faciunt;
1435 808 1585 866 eaque
1614 794 1717 864 ipsa
1735 810 1813 850 res
1833 795 2120 850 documento
2144 810 2249 850 esse
2267 811 2355 867 po-

257 892 357 940 test
381 884 525 938 etiam
545 882 593 935 in
617 879 959 951 posterioribus
978 878 1110 933 libris
1123 919 1139 942 ‚
1161 879 1212 932 in
1232 878 1405 950 quibus
1425 884 1614 949 praeter
1633 878 1899 934 Mediceum
1917 879 2009 934 soli
2030 885 2246 935 recentes
2272 895 2355 936 co-

163 962 174 975 '
259 969 390 1024 dices
409 965 562 1021 ‘relicti
589 970 702 1019 sunt
715 1005 729 1027 ,
752 963 990 1018 interdum
1013 963 1095 1017 illo
1118 969 1280 1032 spreto
1297 962 1388 1018 hos
1407 963 1620 1034 quamvis
1647 964 1800 1018 multo
1815 964 2135 1033 corruptiores
2153 979 2357 1035 sequen-

260 1054 348 1107 dos
389 1065 511 1105 esse.
573 1062 729 1119 neque
765 1047 1068 1119 neglegenda
1086 1048 1137 1101 in
1156 1047 1249 1102 hac
1270 1052 1402 1102 certe
1433 1047 1742 1117 epistularum
1762 1054 1897 1117 parte
1918 1047 2086 1102 Aldina
2105 1048 2265 1103 editio.
2305 1048 2358 1103 in

261 1151 352 1207 qua
371 1149 483 1189 cum
498 1132 647 1187 multa
671 1146 792 1202 quae
813 1137 923 1186 ante
944 1146 1005 1186 ex
1036 1131 1309 1186 recentibus
1330 1130 1577 1186 codicibus
1607 1130 1961 1201 corruptissime
1981 1145 2205 1201 expressa
2220 1132 2359 1204 lege·

259 1220 433 1274 bantur
461 1217 667 1288 primum
700 1215 767 1270 ita
801 1220 857 1269 ut
888 1219 1054 1285 postea
1085 1215 1135 1268 in
1156 1215 1370 1271 Mediceo
1405 1215 1572 1269 codice
1591 1214 1781 1270 inventa
1801 1220 1916 1270 sunt
1948 1221 2163 1270 correcta
2183 1222 2357 1277 essent,

260 1304 379 1358 aliae
398 1302 502 1355 eius
523 1298 704 1355 codicis
722 1299 1010 1368 scripturae,
1056 1313 1191 1369 quae,
1232 1303 1290 1352 ut
1310 1299 1370 1352 de
1391 1298 1757 1368 interpolatione
1780 1313 1868 1369 per
1886 1313 1940 1353 se
1958 1305 2211 1369 suspectae
2228 1307 2359 1362 sunt,

259 1388 326 1441 ita
347 1385 407 1439 ab
429 1384 567 1446 Aldo,
602 1382 644 1436 si
662 1382 712 1437 in
736 1398 825 1438 suo
845 1383 1013 1438 codice
1029 1383 1301 1448 invenisset,
1320 1383 1400 1437 vix
1424 1383 1629 1439 omissae
1646 1389 1805 1438 essent
1824 1399 1924 1438 non
1943 1389 2187 1454 apparent.
2227 1383 2361 1439 uude

259 1472 300 1524 si
320 1475 452 1523 recte
472 1466 745 1538 colligimus
758 1465 991 1521 Gallicum
1006 1465 1112 1520 Aldi
1131 1467 1362 1530 codicem,
1384 1465 1598 1534 Mediceo
1617 1467 1667 1521 in
1690 1467 1861 1522 ceteris
1882 1467 2191 1531 simillimum,
2210 1466 2365 1521 inter·

259 1553 501 1624 polatione
529 1550 656 1605 illius
678 1551 914 1614 caruisse,
934 1550 1148 1620 sequitur
1173 1550 1221 1604 in
1244 1549 1411 1605 Aldina
1429 1550 1663 1621 scriptura
1684 1565 1795 1605 cum
1815 1550 2031 1627 Mediceo
2053 1549 2222 1606 codice
2241 1565 2362 1607 cou-

259 1637 496 1692 sentiente
512 1649 741 1705 magnum
761 1648 866 1688 esse
886 1633 946 1688 ad
974 1632 1115 1688 huius
1147 1634 1480 1688 auctoritatem
1508 1634 1865 1690 sustentandam
1895 1639 2209 1690 momentum.
2271 1635 2363 1690 sed

260 1720 418 1774 cautio
439 1724 489 1773 et
516 1718 763 1789 diligentia
783 1716 1047 1774 adhibenda
1068 1722 1156 1782 est,
1176 1724 1240 1772 ne
1258 1718 1409 1773 autin
1430 1718 1565 1774 libris
1579 1724 1804 1791 quattuor
1822 1718 2002 1789 primis,
2026 1719 2075 1773 in
2096 1717 2269 1789 quibus
2290 1719 2362 1773 si-

258 1805 396 1858 miles
417 1802 627 1857 Mediceo
649 1801 804 1857 codici
824 1802 1084 1873 scripturae
1104 1816 1166 1856 ex
1187 1802 1411 1857 Vaticano
1431 1817 1517 1873 per
1537 1803 1751 1874 exempla
1784 1808 1894 1857 ante
1928 1803 2157 1873 impressa
2187 1816 2367 1872 propa-

261 1893 404 1960 gatae
427 1893 586 1950 erant,
609 1884 807 1941 eandem
827 1885 925 1942 vim
945 1885 1066 1942 Aldo
1094 1887 1385 1952 tribuamus,
1424 1888 1577 1943 autin
1597 1887 1790 1959 reliquis
1810 1885 2037 1942 Italorum
2058 1885 2368 1942 coniecturas

260 1989 348 2043 pro
372 1971 550 2042 antiqui
572 1970 752 2025 codicis
771 1971 1020 2041 scripturis
1041 1972 1396 2042 amplectamur.
1460 1971 1664 2042 denique
1684 1964 1926 2026 in'octavo
1948 1970 2070 2026 libro
2092 1971 2250 2027 omnis
2272 1986 2367 2041 pe-

208 2101 213 2109 ,
258 2072 345 2111 nes
366 2055 540 2110 Aldum
573 2062 623 2108 et
643 2053 908 2109 Mediceum
931 2055 1145 2109 codicem
1161 2055 1419 2110 auctoritas
1453 2059 1553 2115 est;
1593 2055 1646 2109 in
1686 2055 1850 2124 paucis
1894 2061 2053 2109 autem
2093 2053 2203 2109 libri
2242 2056 2374 2109 noni

260 2139 476 2209 epistulis
497 2138 686 2209 quaein
707 2137 919 2193 Mediceo
958 2138 1124 2193 codice
1148 2138 1320 2193 dosunt
1353 2144 1543 2207 praeter
1563 2136 1736 2192 Aldum
1755 2145 1972 2194 recentes
1993 2143 2103 2193 octo
2124 2137 2366 2193 librorum

262 2223 455 2277 codices
473 2222 564 2276 soli
584 2223 633 2277 in
655 2222 883 2276 auxilium
901 2221 1103 2276 vocandi
1121 2227 1249 2276 sunt.
1292 2234 1414 2291 quae
1432 2234 1542 2275 cum
1563 2221 1628 2275 ita
1651 2230 1837 2286 essent,
1879 2222 2142 2293 principem
2162 2221 2368 2293 quidem

258 2306 433 2372 ducem
455 2321 598 2376 quem
619 2320 843 2376 sequerer
861 2305 983 2374 elegi
1003 2303 1270 2360 Mediceum
1291 2303 1506 2359 codicem
1519 2347 1533 2369 ,
1554 2305 1637 2359 sed
1664 2305 1730 2359 ita
1749 2311 1911 2361 tamen
1929 2306 2193 2375 principem
2212 2311 2296 2369 ut,
2319 2304 2375 2362 si

259 2390 334 2444 vel
356 2405 434 2444 ros
453 2385 663 2452 iuberet,
705 2389 781 2444 vel
801 2390 1089 2459 reliquorum
1107 2387 1338 2443 librorum
1357 2387 1566 2443 rationes
1584 2389 1947 2458 persuaderent,
1985 2404 2096 2444 eum
2136 2388 2374 2443 deserere

180 2543 184 2547 ⁴
259 2489 357 2528 non
397 2472 680 2528 dubitarem.
742 2478 883 2544 atque
914 2488 1008 2543 quo
1031 2472 1206 2525 certius
1227 2477 1471 2527 constaret
1489 2488 1611 2544 quae
1630 2474 1798 2544 optimi
1817 2474 1995 2529 codicis
2015 2472 2109 2528 fide
2128 2472 2370 2530 destituta

259 2563 443 2621 essent,
488 2557 834 2627 discrepantem
867 2556 968 2610 eius
999 2556 1108 2611 libri
1128 2555 1410 2625 scripturam
1428 2555 1478 2610 in
1499 2555 1593 2611 fine
1612 2557 1914 2627 praefationis
1934 2556 2168 2613 adnotavi.
2212 2571 2373 2627 quam

259 2641 446 2712 quando
470 2641 758 2712 reliquorum
778 2640 1007 2696 librorum
1024 2640 1307 2694 auctoritate
1328 2642 1623 2706 mutaverim,
1649 2642 1836 2714 quando
1849 2641 2135 2696 coniecturis
2144 2640 2225 2695 vel
2238 2641 2375 2696 alio·

259 2739 367 2778 rum
390 2723 465 2777 vel
485 2724 606 2778 meis
623 2739 740 2778 usus
760 2724 867 2789 sim,
882 2722 1031 2778 Cortii
1052 2723 1261 2778 editione
1280 2723 1489 2779 adhibita
1499 2726 1731 2797 cognosci
1753 2726 1943 2796 poterit.
1985 2739 2096 2780 nam
2113 2738 2229 2780 cum
2252 2739 2374 2779 om-

258 2808 338 2863 nia
362 2807 651 2863 recensionis
668 2806 899 2876 praesidia
918 2822 1047 2862 nunc
1064 2822 1332 2877 proponere
1350 2824 1448 2864 non
1479 2824 1693 2879 possem,
1739 2810 1902 2864 utilius
1945 2808 2048 2863 fore
2089 2807 2377 2864 existimavi

257 2892 400 2946 unius
421 2891 724 2961 eiusdemque
745 2890 913 2960 optimi
931 2889 1038 2945 libri
1057 2891 1341 2961 scripturam
1361 2892 1583 2948 exhibere
1601 2894 1840 2965 integram
1864 2908 2005 2964 quam
2026 2890 2284 2946 collectam
2298 2892 2381 2948 de

256 2974 472 3045 pluribus
492 2973 842 3029 multitudinem
854 2989 1154 3044 componere.
1177 2991 1273 3046 quo
1292 2976 1509 3031 instituto
1530 2983 1585 3033 ut
1605 2977 1808 3032 liberum
1827 2977 1907 3031 uni
1929 2977 2099 3047 cuique
2123 2975 2383 3033 iudicium

259 3072 365 3112 esse
383 3057 512 3112 volui
526 3102 539 3123 ,
574 3058 614 3111 si
635 3059 715 3128 qui
741 3058 938 3113 Medicei
958 3058 1136 3113 codicis
1152 3060 1437 3129 scripturam
1457 3061 1502 3114 ei
1528 3076 1669 3132 quam
1688 3060 1911 3115 substitui
1930 3066 2172 3131 praestare
2191 3059 2382 3115 existi-

257 3145 443 3195 marent
457 3181 470 3204 ,
504 3141 551 3195 id
570 3142 696 3213 quod
718 3142 934 3197 futurum
954 3158 1059 3198 esse
1076 3143 1126 3198 in
1144 3148 1245 3198 tam
1266 3144 1500 3215 frequenti
1521 3144 1742 3200 codicum
1763 3144 2075 3214 discrepantia
2097 3143 2238 3199 video
2252 3185 2268 3207 ,
2293 3142 2381 3201 ita

256 3224 524 3279 necessario
543 3226 734 3295 postulo
755 3230 809 3281 ut
829 3226 943 3282 mihi
965 3226 1159 3282 credant
1179 3242 1260 3283 me
1279 3243 1376 3284 non
1396 3234 1579 3282 temere
1600 3228 1767 3297 optimi
1789 3228 2072 3298 exemplaris
2101 3226 2251 3282 fidem
2273 3226 2387 3282 de-

255 3307 479 3362 seruisse.
543 3310 628 3364 sed
654 3311 703 3364 in
723 3311 969 3382 scripturis
988 3310 1188 3367 Medicei
1223 3312 1403 3367 codicis
1424 3312 1766 3381 componendis
1785 3326 1898 3367 cum
1916 3312 2099 3367 minuta
2118 3310 2384 3382 quaedam

256 3404 378 3460 quae
399 3391 579 3447 nullam
600 3395 854 3450 utilitatem
873 3396 924 3450 in
943 3394 1083 3451 buius
1101 3395 1233 3450 modi
1254 3395 1558 3451 adnotatione
1577 3394 1759 3450 habere
1777 3396 2055 3451 videbantur
2074 3400 2179 3449 tum
2190 3394 2391 3454 omnia

254 3487 377 3544 quae
411 3475 468 3530 ad
503 3476 891 3551 orthographiam
924 3494 1047 3551 quae
1081 3479 1257 3535 dicitur
1280 3479 1521 3550 pertinent
1553 3479 1708 3535 omisi.
1771 3485 1915 3551 atque
1943 3480 1994 3535 in
2028 3478 2124 3534 hoc
2156 3478 2391 3549 quidem
