2467 3850
701 150 1219 211 EPISTULARUM
1249 150 1379 211 1111.
1425 163 1473 213 1.
1502 163 1555 214 2.
1587 162 1637 215 3.
2086 158 2166 219 67

172 302 469 362 mannulos
504 303 708 363 multos
750 312 807 369 et
845 305 1066 362 iunctos
1095 313 1156 363 et
1183 304 1428 382 solutos,
1460 305 1701 380 habebat
1725 323 1897 365 canes
1925 309 2165 369 maiores

171 390 557 466 minoresque,
583 386 822 447 habebat
846 387 1134 462 lusciniae,
1156 391 1448 467 psittacoe,
1472 389 1744 449 merulas:
1768 407 1962 450 omnes
1976 389 2164 468 Regu—

171 471 258 530 lus
289 473 445 531 circa
467 489 668 549 rogum
694 468 1007 530 trucidavit.
1064 469 1189 538 Nec
1223 471 1388 531 dolor
1421 481 1539 531 erat
1566 471 1687 549 ille,
1728 472 1831 532 sed
1867 477 2215 534 ostentatio-4

173 555 406 615 doloris.
433 554 776 615 Convenitur
798 553 866 612 ad
890 573 1016 612 eum
1037 556 1171 614 mira
1196 554 1545 615 celebritate.
1599 554 1799 616 Cuncti
1822 556 2165 619 detestantur

129 639 447 714 ooderunt,
482 648 539 698 et
562 640 719 717 quasi
742 638 1016 717 probent,
1045 640 1201 716 quasi
1227 638 1488 716 diligant,
1530 648 1754 701 cursant
1787 639 2159 719 frequentant,

173 732 351 801 utque
378 723 632 782 breviter
654 722 803 801 quod
829 723 1009 781 sentio
1034 724 1336 794 enuntiem,
1367 725 1422 782 in
1444 722 1668 800 Regulo
1693 722 2029 785 demerendo
2052 725 2163 784 Re-

172 806 370 884 gulum
406 808 700 866 imitantur.
765 804 943 865 Tenet
974 824 1039 865 se
1074 815 1224 865 trans
1260 806 1503 866 Tiberim
1536 808 1592 865 in
1621 806 1832 884 hortiS,
1876 809 1932 867 in
1963 809 2214 885 quibus5

173 891 507 950 latissimum
535 890 714 950 solum
739 889 1049 967 porticibus
1072 892 1371 965 inmensis,
1409 893 1585 969 ripam
1620 891 1817 951 statuis
1852 893 1969 951 suis
1992 910 2164 953 occu-

174 976 361 1052 pavit,
401 984 460 1033 ut
498 975 663 1035 estin
692 991 906 1034 summa
929 975 1161 1032 avaritia
1186 983 1577 1053 sumptuosus,
1618 977 1673 1033 in
1706 992 1915 1035 summa
1948 975 2167 1037 infamia

103 1059 486 1136 ingloriosus.
546 1058 734 1117 Vexat
783 1073 924 1134 ergo
977 1060 1258 1118 civitatem
1302 1057 1727 1119 insaluberrimo
1772 1055 2062 1136 tempore,
2109 1070 2165 1120 et
2183 1066 2216 1119 6

176 1141 330 1220 quod
353 1150 524 1201 vexat
559 1141 831 1202 solacium
865 1149 1038 1218 putat.
1077 1140 1230 1200 Dicit
1253 1159 1317 1200 se
1339 1141 1490 1201 velle
1517 1141 1726 1201 ducere
1756 1159 2017 1202 uxorem:
2054 1145 2164 1205 hoc

176 1243 443 1305 quoque,
483 1228 628 1284 sicut
666 1225 806 1301 alia,
846 1241 1135 1301 perverse.
1201 1224 1416 1285 Audies
1450 1225 1609 1286 brevi
1645 1228 1866 1304 nuptias
1893 1225 2215 1306 lugentis,7

173 1313 401 1387 nuptias
435 1312 614 1376 senis:
660 1326 895 1387 quorum
928 1308 1162 1368 alterum
1186 1309 1530 1368 immaturum
1562 1308 1799 1368 alterum
1835 1328 2020 1370 serum
2056 1321 2161 1372 est.

174 1393 338 1454 Unde
360 1394 473 1453 hoc
494 1412 737 1470 augurer
759 1394 1012 1471 quaeris:
1057 1409 1169 1452 non
1206 1395 1336 1472 quia
1357 1392 1604 1453 adfirmat
1624 1394 1772 1471 ipse,
1801 1411 1913 1472 quo
1941 1395 2162 1455 menda·
2181 1397 2216 1449 8

105 1483 158 1533 15
177 1480 298 1537 cius
318 1477 452 1536 nihil
479 1485 585 1554 est,
612 1476 714 1537 sed
740 1480 868 1555 quia
901 1484 1114 1535 certum
1136 1486 1223 1537 est
1248 1476 1528 1555 Regulum
1551 1495 1682 1538 esse
1711 1476 1982 1538 facturum
2006 1480 2162 1559 quid·

113 1613 116 1618 .
176 1560 309 1639 quid
334 1562 455 1620 fieri
477 1577 588 1622 non
615 1569 860 1640 oportet.
917 1560 1079 1620 Vale.

1121 1693 1219 1754 111.

696 1793 750 1844 c,
791 1792 1040 1843 PLINIUS
1078 1792 1403 1844 ANTONINO
1439 1792 1559 1844 suo
1598 1793 1651 1845 S.

104 1904 165 1957 20
310 1895 481 1970 Quod
505 1896 681 1956 semel
706 1904 874 1975 atque
900 1897 1100 1956 iterum
1124 1894 1321 1956 consul
1343 1895 1495 1956 fuisti
1517 1894 1710 1957 similis
1732 1895 1990 1974 antiquis,
2015 1896 2168 1974 quod
2186 1908 2214 1959 1

178 1980 485 2061 proconsul
520 1979 729 2056 Asiae,
779 1980 957 2059 qualis
992 1989 1119 2039 ante
1153 1989 1244 2057 te,
1291 1979 1470 2058 qualis
1511 1989 1642 2057 post
1674 1989 1732 2041 te
1770 1982 1863 2040 vix
1900 1998 2040 2039 unus
2075 1990 2170 2040 aut

177 2066 322 2126 alter
356 2066 501 2142 (non
534 2066 663 2124 sinit
697 2067 842 2125 enim
872 2082 960 2123 me
994 2063 1335 2124 verecundia
1371 2073 1464 2123 tua
1506 2063 1698 2124 dicere
1740 2065 1973 2141 nemo),
2017 2064 2169 2142 quod

178 2152 507 2224 sanctitate,
551 2148 702 2226 quod
740 2150 1099 2223 auctoritate,
1147 2157 1331 2209 aetate
1365 2166 1592 2227 quoque
1615 2151 1880 2228 princeps
1906 2149 2167 2224 civitati8‚

180 2243 269 2293 est
294 2232 521 2311 quidem
544 2231 869 2292 venerabile
896 2240 953 2290 et
980 2232 1301 2310 pulchrum;
1343 2250 1454 2309 ego
1486 2242 1669 2293 tamen
1698 2239 1755 2291 te
1776 2233 1871 2292 vel
1902 2235 2079 2309 magis
2113 2234 2169 2291 in

105 2316 605 2379 25remissionibus
638 2318 824 2375 miror.
894 2314 1035 2375 Nam
1074 2318 1431 2377 severitatem
1463 2317 1624 2377 istam
1662 2319 1781 2394 pari
1825 2315 2164 2377 iucunditate
2184 2328 2217 2378 2

183 2400 417 2461 condire
457 2418 815 2477 summaeque
850 2400 1106 2477 gravitati
1150 2408 1355 2459 tantum
1393 2403 1670 2463 comitatis
1714 2399 2019 2477 adiungere
2057 2417 2169 2460 non

181 2487 363 2545 minus
393 2483 621 2543 difficile
645 2502 806 2563 quam
826 2501 1084 2560 magnum
1112 2492 1216 2542 est.
1258 2482 1321 2542 Id
1342 2492 1401 2542 tu
1427 2501 1553 2543 cum
1590 2484 1900 2543 incredibili
1936 2483 2168 2563 quadam

182 2570 457 2629 suavitate
490 2584 812 2627 sermonum
835 2576 951 2626 tum
984 2566 1077 2628 vel
1105 2570 1413 2646 praecipue
1448 2567 1580 2628 stilo
1618 2567 1963 2647 adsequeris.
2029 2566 2218 2630 Nam3

182 2662 240 2712 et
284 2652 541 2729 loquenti
579 2653 681 2711 tibi
716 2651 812 2710 illa
845 2650 1129 2709 Homerici
1166 2652 1322 2711 senis
1369 2651 1534 2710 mella
1571 2650 1875 2728 profluere,
1918 2658 1977 2710 et
2020 2668 2168 2727 quae

108 2736 385 2800 sosoi-ibis
413 2735 698 2813 complere
726 2752 864 2813 apes
893 2734 1121 2793 floribus
1145 2745 1202 2795 et
1237 2737 1525 2795 innectere
1562 2734 1832 2793 videntur.
1897 2732 1977 2792 Ita
2013 2742 2168 2794 certe

183 2838 305 2881 sum
332 2818 589 2878 adfectus
617 2821 774 2897 ipse,
823 2836 948 2877 cum
979 2815 1193 2876 Graeca
1219 2821 1612 2896 epigrammata
1638 2827 1765 2892 tua,
1806 2834 1930 2874 cum
1953 2817 2167 2876 iambos

181 2906 438 2983 proxime
476 2902 744 2980 legerem.
818 2900 1092 2974 Quantum
1125 2902 1201 2960 ibi
1234 2901 1580 2960 humanitatis
1627 2901 1970 2975 venustatis,
2009 2911 2222 2978 quam-'1

182 2987 369 3047 dulcia
390 2986 514 3062 illa,
553 3005 713 3064 quam
739 2988 1002 3060 amantia,
1044 3003 1206 3062 quam
1235 2992 1460 3060 arguta,
1496 3000 1660 3061 quam
1681 2982 1861 3043 recta!
1911 2981 2167 3043 Callima-

186 3072 351 3131 chum
385 3088 477 3129 me
510 3070 604 3129 vel
635 3069 899 3129 Heroden
933 3067 1025 3126 vel
1062 3071 1108 3128 si
1138 3067 1271 3147 quid
1293 3068 1378 3127 his
1405 3066 1601 3126 melius
1624 3076 1816 3126 tenere
1840 3066 2166 3136 credebam;

113 3160 170 3214 35
189 3173 424 3233 quorum
455 3163 637 3214 tamen
664 3162 864 3212 neuter
896 3161 1190 3229 utrumque
1213 3160 1305 3210 aut
1330 3150 1568 3212 absolvit
1600 3159 1693 3210 aut
1717 3153 1912 3228 attigit.
1977 3149 2166 3211 Homi·
2185 3163 2217 3213 5

183 3257 383 3299 nemne
421 3237 730 3298 Romanum
765 3246 874 3298 tam
913 3233 1130 3295 Graece
1164 3232 1362 3313 loqui?
1405 3233 1532 3293 Non
1570 3233 1785 3293 medius
1820 3234 1979 3294 fidius
2013 3237 2166 3313 ipsas

185 3323 434 3386 Athenas
475 3330 586 3382 tam
617 3320 833 3380 Atticas
881 3319 1132 3379 dixerim.
1203 3317 1353 3392 Quid
1399 3315 1609 3378 multa?
1664 3318 1890 3379 invideo
1936 3315 2165 3378 Graecis

186 3408 334 3485 qnod
369 3405 592 3468 illorum
624 3404 811 3483 lingua
843 3403 1095 3463 scribere
1126 3401 1384 3464 maluisti.
1433 3401 1634 3480 Neque
1669 3404 2165 3544 enirg*coniectura
