2467 3850
752 187 1272 251 ErlsTULARUM
1295 191 1366 250 v.
1403 201 1454 254 4.
1486 203 1536 256 5.
1840 165 1869 176 “’
2055 194 2132 257 91

1076 340 1205 403 1111.

546 439 599 491 G.
635 440 882 493 PLINIUS
914 441 1083 493 mmo
1118 441 1492 528 VALERlANO
1528 440 1648 492 SUO
1684 441 1738 495 S.

262 542 386 604 Res
416 561 610 623 parva,
639 545 745 605 sed
774 547 984 606 initium
1009 563 1122 605 non
1150 563 1374 624 parvae.
1409 545 1509 604 Vir
1529 545 1841 624 praetorius
1864 546 2082 608 Sollers
2105 568 2137 610 a
2155 561 2185 611 1

147 637 349 689 senatu
385 629 547 706 petiit
573 637 633 687 ut
664 629 770 690 sibi
803 632 1093 690 instituere
1123 629 1391 690 nundinas
1434 631 1489 692 in
1526 631 1675 707 agris
1707 631 1823 690 suis
1847 633 2133 709 permitte-

101 718 331 772 5retur:
367 711 818 772 contradixerunt
847 713 1019 790 legati
1046 711 1461 773 Vicetinorum:
1511 713 1683 773 adfuit
1713 712 1993 775 Tuscilius
2019 715 2132 775 No-

147 798 415 855 minatus:
448 794 613 855 dilata
655 815 824 856 causa
865 806 971 857 est.
1031 796 1162 856 Alio
1204 807 1400 858 senatu
1431 795 1677 856 Vicetini
1707 799 1828 857 sine
1860 798 2132 860 advocato
2155 813 2189 864 2

147 880 529 957 intraverunt,
575 877 828 940 dixerunt
870 900 935 940 se
975 880 1288 959 deceptos,
1330 880 1548 958 lapsine
1581 879 1759 941 verbo
1803 899 1872 940 an
1904 884 2032 961 quia
2063 886 2138 943 ita

150 963 486 1022 sentiebant.
551 961 884 1041 Interrogati
925 983 957 1023 a
995 963 1223 1043 Nepote
1266 974 1528 1042 praetore
1578 982 1744 1043 quem
1787 964 2136 1045 docuissent,

148 1045 566 1125 responderunt
596 1064 762 1125 quem
791 1050 963 1126 prius,
1023 1046 1356 1125 Interrogati
1385 1065 1453 1109 an
1475 1058 1607 1108 tunc
1636 1049 1808 1125 gratis
1841 1049 2134 1127 adfuisset,

75 1142 135 1192 10
150 1127 565 1208 responderunt
607 1150 713 1190 sex
748 1130 970 1192 milibus
1009 1149 1314 1191 nummum:
1366 1150 1435 1192 an
1474 1150 1665 1191 rursus
1701 1131 1908 1209 aliquid
1952 1132 2135 1194 dedis·

151 1222 318 1289 sent,
351 1212 606 1273 dixerunt
637 1214 790 1274 mille
837 1215 1112 1276 denarios.
1159 1213 1357 1293 Nepos
1387 1216 1690 1294 postulavit
1721 1225 1779 1274 ut
1807 1214 2134 1277 Nominatus

149 1296 528 1356 induceretur.
572 1296 855 1359 Hactenus
886 1298 984 1358 illo
1015 1299 1127 1358 die.
1179 1298 1294 1358 Sed
1326 1309 1585 1375 quantum
1618 1316 1882 1376 auguror,
1912 1299 2186 1376 longius3

149 1399 248 1440 res
275 1381 551 1459 procedit.
617 1379 756 1442 Nam
783 1382 1054 1461 pleraque
1083 1392 1231 1443 tacta
1259 1391 1469 1442 tantum
1503 1392 1560 1442 et
1602 1384 1823 1441 omnino
1860 1394 2137 1443 commota

150 1463 425 1525 latissime
459 1475 712 1543 serpunt.
769 1466 941 1525 Erexi
976 1484 1140 1527 aures
1169 1476 1314 1526 tuas.
1375 1464 1553 1539 Quam
1582 1466 1674 1526 diu
1707 1483 1853 1525 nunc
1883 1475 2186 1546 oportet,4

75 1563 136 1615 15
153 1565 319 1625 quam
341 1548 543 1607 blande
573 1566 744 1625 roges
771 1560 828 1609 ut
854 1550 1071 1629 reliqua
1097 1549 1447 1626 cognoscas!
1483 1552 1530 1610 si
1553 1560 1735 1610 tamen
1763 1567 1873 1609 non
1902 1561 2031 1611 ante
2061 1550 2134 1611 oh

152 1631 300 1773 {iaec
339 1633 480 1773 ips}
501 1635 729 1773 Yeneris
768 1632 1001 1696 Romam
1038 1643 1444 1712 spectatorque
1489 1632 1751 1694 malueris
1794 1653 1926 1694 esse
1975 1653 2137 1714 quam

179 1724 358 1775 ector.
480 1734 510 1774 a
535 1734 588 1774 e.

1108 1811 1177 1875 V.

587 1912 644 1966 o.
680 1913 926 1965 PLans
959 1913 1150 1975 Nouio
1186 1914 1447 1966 MAxluo
1482 1914 1601 1965 suo
1638 1914 1689 1965 s,

19 2086 22 2099 .
74 2028 141 2080 20
272 2014 590 2075 Nuntiatum
613 2016 746 2076 mihi
777 2027 867 2078 est
895 2015 960 2077 G.
996 2017 1263 2078 Fannium
1292 2017 1643 2095 decessisse,
1674 2019 1768 2097 qui
1801 2019 2023 2077 nuntius
2044 2035 2135 2078 me
2156 2038 2185 2089 1

19 2122 20 2125 ¹
155 2101 314 2178 gravi
345 2099 541 2160 dolore
572 2101 855 2180 confudit,
893 2103 1167 2180 primum,
1213 2102 1367 2181 quod
1395 2103 1569 2162 amavi
1597 2102 1877 2162 hominem
1908 2101 2134 2178 elegan-

153 2194 273 2245 tem
299 2182 589 2261 disertum,
613 2184 838 2262 deinde,
863 2185 1013 2264 quod
1035 2186 1242 2246 iudicio
1269 2189 1391 2247 eius
1418 2188 1499 2245 uti
1525 2185 1795 2246 solebam.
1832 2185 1968 2244 Erat
1991 2187 2137 2244 enim

154 2276 356 2328 acutus
385 2277 605 2346 natura,
636 2287 743 2329 usu
773 2271 1135 2347 exercitatus,
1164 2273 1403 2330 veritate
1433 2272 1901 2349 promptissimus.
1964 2269 2137 2345 Angit
2154 2285 2187 2336 2

155 2369 249 2410 me
279 2368 453 2430 super
478 2354 584 2411 ista
628 2371 796 2413 casus
827 2354 1036 2431 ipsius:
1069 2354 1322 2415 decessit
1350 2356 1528 2413 veteri
1557 2362 1929 2429 testamento,
1956 2355 2139 2412 omisit

19 2482 20 2511 Ξ
76 2448 306 2513 25quos
346 2437 578 2494 maxime
622 2435 926 2514 diligebat,
972 2448 1312 2516 prosecutus
1353 2446 1441 2497 est
1475 2437 1676 2515 quibus
1701 2437 1972 2497 offensior
2000 2444 2136 2495 erat.

19 2518 20 2533 ³
156 2518 277 2578 Sed
301 2519 414 2579 hoc
443 2528 747 2597 utcumque
778 2519 1105 2599 tolerabile,
1149 2524 1375 2598 gravius
1423 2520 1596 2598 illud,
1638 2522 1788 2599 quod
1827 2520 2138 2599 pulcherri-

154 2620 306 2661 mum
336 2618 479 2680 opus
509 2603 885 2682 inperfectum
910 2604 1155 2682 reliquit.
1215 2604 1479 2676 Quamvis
1509 2606 1655 2664 enim
1689 2603 1922 2681 agendis
1953 2605 2137 2662 causis
2157 2615 2191 2667 3

158 2687 620 2764 distringeretur,
652 2688 937 2751 scribebat
977 2698 1161 2748 tamen
1202 2691 1386 2748 exitus
1410 2691 1748 2748 occisorum
1787 2696 1879 2746 aut
1917 2685 2138 2761 relega·

19 2744 22 2827 Ι
158 2779 346 2830 torum
375 2788 408 2829 a
433 2769 684 2847 Nerone,
716 2781 774 2831 et
805 2774 911 2830 iam
937 2781 1055 2832 tres
1084 2772 1261 2832 libros
1291 2769 1635 2848 absolverat,
1664 2769 1900 2830 subtiles
1931 2778 1988 2828 et
2017 2769 2139 2827 dili-

19 2848 22 2889 '
78 2858 368 2931 30gentes
398 2863 456 2913 et
482 2853 705 2914 Latinos
736 2854 916 2934 adque
949 2858 1095 2916 inter
1122 2873 1441 2916 sermonem
1471 2855 1867 2930 historiamque
1898 2851 2137 2928 medioS,

19 2906 22 3015 l
159 2956 227 2998 ac
270 2946 427 2997 tanto
456 2941 634 3015 magis
676 2938 929 3018 reliquos
983 2941 1263 3018 perficere
1315 2939 1578 3016 cupiebat
1631 2944 1835 3014 quanto
1877 2935 2141 3013 frequen-

18 3020 24 3043 '
158 3024 271 3081 tius
299 3020 361 3080 hi
393 3020 805 3083 lectitabantur.
847 3021 981 3082 Mihi
1010 3033 1193 3083 autem
1221 3021 1444 3082 videtur
1478 3021 1684 3080 acerba
1712 3037 1938 3097 semper
1969 3028 2027 3078 et
2059 3021 2139 3078 in·
2157 3029 2192 3082 4

158 3113 373 3164 matura
399 3121 551 3165 mors
586 3123 781 3165 eorum
812 3110 906 3186 qui
935 3106 1243 3165 immortale
1266 3105 1475 3182 aliquid
1500 3112 1710 3182 parant.
1756 3102 1896 3162 Nam
1923 3104 2016 3181 qui
2039 3120 2140 3162 vo-

159 3187 478 3266 luptatibus.
514 3188 688 3251 dediti
726 3193 884 3268 quasi
916 3193 974 3251 in
1016 3189 1162 3249 diem
1197 3191 1391 3248 vivunt
1428 3187 1652 3247 vivendi
1695 3204 1891 3247 causas
1934 3186 2142 3246 cotidie

76 3281 145 3333 35
163 3272 386 3341 finiunt;
432 3273 526 3351 qui
566 3291 708 3334 vero
736 3284 1004 3352 posteros
1040 3274 1289 3349 cogitant
1317 3280 1376 3331 et
1404 3273 1726 3331 memoriam
1755 3273 1840 3330 sui
1869 3270 2140 3349 operibus

162 3357 509 3434 extendunt,
550 3357 637 3416 his
680 3357 832 3417 nulla
857 3376 1007 3418 mors
1036 3374 1148 3417 non
1169 3358 1461 3434 repentina
1494 3364 1614 3432 est,
1656 3364 1716 3414 ut
1741 3372 1882 3432 quae
1914 3370 2141 3431 semper

157 3439 484 3501 inchoatum
511 3439 718 3519 aliquid
748 3442 1052 3519 abrumpat.
1100 3438 1269 3501 Gaius
1298 3439 1524 3519 quidem
1550 3438 1788 3499 Fannius
1815 3437 1965 3517 quod
1992 3436 2186 3495 acci-5
