2467 3850
608 190 1121 253 EPISTULARUM
1147 200 1428 255 ιιι-45.
1456 195 1779 272 [49.-54.]
2055 195 2182 259 213

1011 343 1182 405 xm.
1229 342 1364 422 [ιι]

855 442 1179 494 TRAIANUS
1212 442 1420 494 PLINIO
1457 441 1510 494 S.

329 547 525 606 Potest
551 564 657 606 nos
681 546 988 607 sollicitare
1019 546 1177 607 lacus
1208 547 1352 623 iste,
1394 555 1456 606 ut
1487 548 1833 607 committere
1863 547 2017 608 illum
2042 551 2178 608 mari

205 629 477 690 velimus:
526 630 630 690 sed
672 630 837 707 plane
881 629 1281 709 explorandum
1310 639 1401 690 est
1437 629 1738 707 diligenter
1768 648 1862 709 ne,
1893 635 1943 693 si
1975 631 2179 693 demis-

157 721 189 770 5
205 732 303 774 sus
333 717 390 777 in
406 732 555 774 mare
574 715 761 792 fuerit,
793 724 944 775 totus
963 715 1174 790 effluat,
1211 722 1368 775 certe
1391 724 1652 792 quantum
1669 733 1934 794 aquarum
1955 726 2011 777 et
2031 716 2179 776 unde

204 800 469 877 accipiat.
510 799 730 858 Poteris
760 817 791 857 a
822 797 1125 877 Calpurnio
1154 797 1346 858 Macro
1370 807 1570 876 petere
1593 797 1937 877 libratorem,
1975 810 2032 861 et
2065 818 2176 877 ego

204 882 333 941 hinc
363 881 605 960 aliquem
634 883 732 941 tihi
760 885 999 961 peritum
1030 881 1304 943 eiusmodi
1327 899 1567 971 operum)
1588 884 1812 947 mittam.

48 1015 54 1020 ’
162 1027 180 1059 ⁸
989 1031 1190 1092 xmu.
1231 1029 1393 1110 [Lu]

122 1142 189 1193 10
627 1130 682 1184 C.
722 1129 970 1182 PLINIUS
1010 1131 1297 1183 TRAIANO
1334 1131 1746 1186 IMPERATORI.
1825 1164 1830 1173 ·

321 1250 648 1330 Requirenti
692 1254 823 1313 mihi
862 1253 1252 1329 Byzantiorum
1290 1256 1373 1314 rei
1414 1253 1675 1332 publicae
1701 1254 1990 1332 inpendia,
2034 1272 2176 1332 quae
2195 1272 2225 1323 1

203 1338 441 1395 maxima
477 1336 642 1414 facit,
682 1336 980 1397 indicatum
1011 1348 1131 1415 est,
1175 1337 1428 1415 domine,
1473 1337 1717 1416 legatum
1754 1338 1823 1398 ad
1851 1348 1909 1398 te
1937 1338 2175 1399 salutan-

204 1419 334 1501 dum
363 1422 519 1480 annis
559 1422 813 1482 omnibus
856 1438 983 1481 cum
1010 1421 1394 1501 psephismate
1421 1424 1559 1482 mitti
1596 1425 1760 1501 eique
1791 1422 1904 1482 dari
1930 1439 2176 1482 nummo-

204 1523 326 1563 rum
356 1503 609 1564 duodena
639 1504 805 1564 milia.
845 1505 1062 1567 Memor
1094 1520 1234 1583 ergo
1270 1507 1548 1585 propositi
1568 1509 1645 1566 tui
1674 1507 1918 1583 legatum
1952 1507 2172 1585 quidem
2191 1521 2223 1572 2

125 1590 190 1642 15
204 1588 581 1665 retinendum,
626 1589 951 1667 psephisma
988 1598 1173 1648 autem
1198 1589 1526 1649 mittendum
1564 1586 1786 1667 putavi,
1839 1600 1898 1650 ut
1927 1591 2089 1650 simul
2118 1601 2175 1651 et

206 1681 462 1750 sumptus
495 1671 777 1732 levaretur
805 1682 862 1732 et
889 1672 1201 1751 inpleretur
1233 1672 1520 1750 publicum
1548 1673 1810 1732 officium.
1868 1673 2065 1733 Eidem
2096 1677 2173 1733 ci·
2192 1687 2226 1739 3

203 1758 359 1815 vitati
393 1758 638 1835 inputata
667 1766 794 1816 sunt
829 1766 985 1816 terna
1014 1754 1195 1833 milia,
1233 1773 1375 1834 quae
1404 1757 1591 1815 viatici
1621 1758 1843 1815 nomine
1874 1775 2053 1818 annua
2083 1760 2174 1818 da-

204 1841 404 1900 bantur
432 1838 622 1916 legato
664 1841 818 1899 eunti
850 1840 920 1899 ad
950 1857 1077 1899 eum
1105 1842 1199 1917 qui
1235 1838 1489 1899 Moesiae
1520 1849 1747 1917 praeest
1777 1839 2002 1915 publice
2033 1840 2176 1900 salu·

205 1924 443 1986 tandum.
489 1922 644 1983 Haec
674 1943 785 2002 ego
815 1926 870 1984 in
897 1934 1187 2004 posterum
1214 1922 1661 1984 circumcidenda
1688 1924 2013 1983 existimavi.
2070 1925 2174 2002 Te,
2196 1938 2230 1989 4

120 2012 190 2064 20
208 2008 461 2085 domine,
490 2024 633 2085 rogo
664 2019 725 2068 ut
751 2009 884 2086 quid
913 2010 1122 2070 sentias
1155 2008 1523 2068 rescribendo
1552 2018 1644 2068 aut
1677 2006 1970 2068 consilium
1996 2026 2180 2068 meum

206 2093 533 2152 confirmare
564 2101 658 2151 aut
689 2111 936 2153 errorem
972 2093 1270 2153 emendare
1302 2091 1573 2169 digneris.

954 2240 1177 2303 xum,
1226 2239 1413 2319 [L111.]
1455 2298 1464 2304 ,

837 2338 1187 2402 „TRAIANUS
1221 2337 1430 2390 PLlNlo
1470 2336 1524 2392 S.

115 2447 186 2498 25
327 2440 548 2519 Optime
577 2440 797 2519 fecisti,
829 2442 1089 2502 Secunde
1119 2445 1440 2519 carissime,
1476 2441 1730 2502 duodena
1759 2443 1865 2501 ista
1897 2441 2176 2517 Byzantiis

206 2543 349 2603 quae
388 2525 456 2584 ad
491 2525 836 2585 salutandum
862 2544 952 2585 me
987 2529 1042 2586 in
1070 2526 1318 2603 legatum
1348 2525 1795 2604 inpendebantur
1825 2526 2177 2587 remittendo.

204 2608 486 2687 Perpetuo
512 2654 525 2665 .
547 2654 559 2666 .
583 2651 597 2665 .
626 2608 712 2668 his
741 2609 1013 2686 partibus,
1046 2614 1153 2671 etsi
1182 2610 1364 2671 solum
1393 2611 1716 2688 psephisma
1740 2628 1844 2687 per
1865 2620 1921 2670 te
1952 2613 2180 2672 missum

205 2692 390 2751 fuerit.
454 2691 723 2768 Ignoscet
754 2691 865 2752 illis
900 2702 956 2753 et
983 2692 1237 2754 Moesiae
1268 2711 1537 2770 praeses,
1572 2695 1619 2753 si
1644 2697 1819 2754 minus
1849 2693 2004 2754 illum
2032 2713 2179 2755 sum-

206 2785 412 2855 ptuose
445 2773 734 2833 coluerint.

116 2868 193 2921 ³⁰
977 2907 1139 2969 XLV.
1183 2907 1397 2987 [mni]
1461 2926 1474 2932 -

652 3004 704 3056 G.
736 3004 979 3056 PLINIUS
1014 3006 1296 3057 TRAIANO
1332 3004 1738 3057 IMPERATORI.

321 3107 669 3188 Diplomata‚
723 3108 978 3184 domine,
1030 3126 1266 3181 quorum
1317 3108 1438 3169 dies
1500 3108 1786 3186 praeteriit
1836 3126 1906 3167 an
1956 3111 2177 3169 omnino

207 3193 495 3255 observari
529 3202 587 3252 et
627 3210 790 3271 quam
831 3191 922 3251 diu
955 3191 1102 3254 velis
1144 3211 1289 3270 rogo
1332 3193 1546 3253 scribas
1573 3210 1777 3270 meque
1812 3192 2180 3253 haesitatione

116 3288 189 3342 35
205 3277 436 3338 liberes.
482 3277 703 3337 Vereor
731 3278 877 3337 enim
903 3296 975 3337 ne
997 3279 1052 3336 in
1082 3277 1400 3337 alterutram
1422 3286 1639 3356 partem
1660 3279 1967 3355 ignorantia
1987 3277 2179 3355 lapsus

205 3371 299 3422 aut
327 3361 535 3422 inlicita
566 3361 890 3422 confirmem
918 3372 1011 3423 aut
1042 3364 1366 3424 necessaria
1394 3362 1688 3442 inpediam.
