2467 3850
12 3613 15 3720 ι

313 191 438 260 184
1156 196 1220 258 C.
1264 196 1458 259 PLINI

1281 349 1379 411 VI.

807 447 862 501 c,
899 447 1150 501 Pmes
1184 351 1550 501 ΜξΜΜΑΝο
1590 448 1708 502 suo
1747 449 1800 501 s.

262 584 294 634 1
441 568 721 629 Summam
756 579 814 629 te
855 569 1201 649 voluptatem
1245 569 1584 649 percepisse
1635 587 1709 629 ex
1746 570 1856 630 isto
1901 570 2305 648 copiosissimo

314 671 531 732 genere
570 652 809 712 venandi
848 669 961 713 non
1010 654 1218 730 miror,
1271 671 1398 713 cum
1441 653 1837 713 historicorum
1878 671 2038 713 more
2081 654 2305 715 scribas
2324 672 2357 725 5

313 755 602 797 numerum
630 739 753 796 iniri
775 755 885 796 non
914 740 1187 815 potuisse.
1244 735 1424 797 Nobis
1452 739 1644 796 venari
1673 756 1782 798 nec
1811 746 1973 796 vacat
1993 754 2101 797 nec
2132 738 2303 798 libet:

313 839 429 881 non
455 830 640 899 vacat,
674 823 801 900 quia
831 821 1186 881 vindemiae
1169 839 1223 880 ιιι
1248 821 1523 898 manibus,
1553 838 1664 880 non
1687 819 1850 899 libet,
1880 823 2006 900 quia
2034 824 2300 898 exiguae.

261 903 657 973 2Devehimns
706 914 887 965 tamen
932 923 1036 984 pro
1075 922 1225 964 novo
1267 913 1450 964 musto
1494 921 1676 965 novos
1722 904 2043 966 versiculos
2083 907 2304 984 tibique

312 978 715 1049 iucundissime
746 978 1034 1067 exigenti,
1070 998 1130 1049 ut
1164 991 1404 1068 primum
1424 988 1764 1050 videbuntur
1792 988 2143 1067 defervisse,
2175 992 2302 1051 mit·

310 1081 511 1134 temus.
574 1071 734 1133 Vale.
2320 1089 2387 1141 10

1216 1204 1396 1269 XVII.

847 1306 901 1357 c.
937 1306 1183 1358 PLINIUS
1216 1305 1523 1356 GENrrom
1553 1305 1672 1357 sno
1712 1306 1764 1361 S.

265 1445 296 1497 1
439 1425 662 1505 Recepi
712 1425 927 1486 litteras
976 1433 1138 1502 tuas,
1191 1425 1396 1505 quibus
1438 1427 1693 1505 quereris
1731 1425 1922 1485 taedio
1970 1424 2071 1488 tibi
2117 1424 2299 1487 fuisse

317 1513 570 1588 quamvis
619 1510 979 1570 lautissimam
1022 1527 1253 1586 cenam,
1301 1511 1429 1587 quia
1475 1528 1705 1570 scurrae
1755 1509 1971 1569 cinaedi
2011 1512 2298 1571 moriones
2316 1522 2380 1574 15

262 1596 522 1664 2mensis
551 1593 887 1654 inerrabant.
943 1592 1047 1652 Vis
1074 1604 1134 1653 tu
1157 1596 1442 1653 remittere
1471 1593 1680 1673 aliquid
1707 1612 1781 1654 ex
1807 1590 2005 1672 rugis?
2035 1594 2300 1672 equidem

313 1677 449 1737 nihil
483 1677 594 1738 tale
624 1678 842 1755 haheo,
873 1677 1149 1737 habentes
1178 1688 1366 1737 tamen
1406 1676 1552 1737 fero.
1616 1676 1731 1737 Cur
1763 1696 1904 1755 ergo
1927 1696 2041 1738 non
2069 1674 2298 1738 haheo?

315 1763 443 1839 quia
469 1780 820 1841 nequaquam
849 1779 938 1821 me
971 1770 1031 1821 ut
1065 1763 1512 1840 inexspectatum
1549 1760 1884 1822 festivumve
1917 1761 2195 1839 delectat,
2247 1762 2298 1823 si

314 1844 448 1925 quid
486 1846 658 1905 molle
689 1864 721 1905 a
766 1845 1032 1922 cinaede,
1076 1845 1338 1925 petulans
1376 1864 1408 1905 a
1452 1863 1679 1924 scurra,
1727 1846 1954 1906 stultum
1981 1863 2014 1905 a
2041 1848 2297 1907 morione

263 1929 616 2009 3profertur.
692 1928 823 1990 Non
860 1932 1131 1991 rationem
1170 1930 1276 1991 sed
1319 1930 1665 1991 stomachum
1705 1931 1805 1991 tibi
1845 1948 2028 1991 narro.
2089 1931 2382 2009 Adque2o

316 2014 461 2074 adeo
492 2033 655 2094 quam
683 2013 887 2075 multos
916 2024 1077 2091 putas
1110 2031 1277 2092 esse,
1321 2031 1465 2093 quos
1498 2033 1565 2074 ea
1595 2015 1797 2093 quihus
1828 2032 1940 2092 ego
1969 2023 2028 2074 et
2056 2023 2114 2074 tu
2145 2015 2298 2093 capi·

313 2116 437 2157 mur
465 2104 521 2158 et
550 2099 803 2158 ducimur
841 2100 1040 2176 partim
1068 2107 1128 2157 ut
1154 2100 1347 2177 inepta
1373 2099 1572 2176 partim
1601 2108 1661 2162 ut
1695 2097 2093 2160 molestissima
2119 2098 2296 2158 offen-

316 2178 486 2241 dant?
541 2181 719 2255 Quam
760 2181 949 2257 multi,
993 2200 1120 2241 cum
1160 2182 1348 2243 lector
1375 2191 1468 2241 aut
1496 2181 1722 2258 lyristes
1751 2191 1845 2241 aut
1879 2182 2184 2243 comoedus
2215 2184 2297 2242 in-

316 2263 515 2324 ductus
560 2274 683 2342 est,
729 2264 959 2324 calceos
999 2276 1276 2343 poscunt,
1328 2276 1560 2326 autnon
1591 2268 1803 2326 minore
1836 2284 1961 2325 cum
1990 2266 2177 2326 taedio
2206 2284 2296 2325 re·

315 2346 541 2425 cubant,
585 2366 747 2425 quam
790 2358 850 2408 tu
892 2351 998 2409 ista
1040 2349 1155 2427 (sic
1198 2353 1343 2409 enim
1384 2349 1670 2430 appellas)
1701 2349 1956 2449 pro-digia
1983 2368 2296 2430 perpessus
2312 2362 2382 2415 25

265 2426 425 2495 4es‘I
482 2393 696 2491 Demus
737 2434 906 2509 igitur
944 2431 1143 2494 alienis
1189 2433 1658 2496 oblectationibus
1685 2436 1937 2513 veniam,
1988 2442 2049 2493 ut
2088 2435 2297 2534 nostris

314 2516 681 2593 inpetremus.
744 2515 906 2576 Vale.

1333 2651 1406 2711 11.

881 2751 936 2806 C.
973 2650 1488 2803 PLlNIUggsslNo
1527 2752 1647 2803 SUO
1683 2750 1737 2805 S.
2310 2779 2380 2833 30

266 2868 294 2917 1
437 2855 562 2929 Qua
589 2859 933 2932 intentione,
979 2875 1092 2936 quo
1126 2855 1346 2933 studio,
1389 2874 1496 2935 qua
1522 2856 1764 2935 denique
1792 2856 2057 2916 memoria
2085 2855 2299 2932 legeris

314 2938 545 2999 libellos
577 2959 736 3002 meos
784 2941 1027 3020 epistula
1066 2951 1158 3001 tua
1189 2940 1452 3001 ostendit.
1498 2938 1631 3020 Ipse
1662 2943 1834 3018 igitur
1865 2940 2102 3000 exhibes
2120 2957 2297 3016 nego—

317 3024 450 3079 tium
478 3023 614 3100 tibi,
659 3028 751 3103 qui
794 3025 956 3085 elicis
999 3034 1058 3084 et
1097 3027 1296 3086 invitas
1338 3034 1397 3083 ut
1435 3042 1596 3103 quam
1626 3024 1861 3104 plurima
1891 3025 2298 3083 communicare

269 3110 507 3164 2tecum
540 3107 724 3166 velim.
791 3109 1038 3178 Faciam;
1081 3126 1187 3187 per
1226 3118 1416 3188 partes
1452 3118 1635 3168 tamen
1664 3119 1723 3169 et
1752 3109 1910 3186 quasi
1941 3108 2192 3184 digesta,
2226 3124 2299 3166 ne

318 3188 479 3246 istam
510 3189 685 3267 ipsam
714 3196 1033 3252 memoriam
1063 3194 1153 3252 cui
1183 3196 1389 3270 gratias
1417 3210 1527 3268 ago
1558 3192 1888 3252 adsiduitate
1918 3201 1975 3251 et
1999 3193 2163 3268 copia
2183 3201 2298 3251 tur·
2314 3198 2379 3253 35

318 3270 450 3330 bem
479 3282 873 3353 oneratamque
904 3286 963 3336 et
991 3279 1148 3353 quasi
1178 3294 1512 3356 oppressam
1542 3295 1742 3355 cogam
1770 3276 2024 3355 pluribus
2058 3275 2297 3353 singula,

319 3355 728 3433 posterioribus
761 3359 945 3437 priora
977 3359 1271 3420 dimittere.
1336 3359 1498 3420 Vale.

12 3725 17 3816 l
62 3773 295 3817 „—
