<?xml version="1.0" encoding="UTF-8"?>
<!DOCTYPE html PUBLIC "-//W3C//DTD XHTML 1.0 Transitional//EN"
    "http://www.w3.org/TR/xhtml1/DTD/xhtml1-transitional.dtd">
<html xmlns="http://www.w3.org/1999/xhtml" xml:lang="en" lang="en">
 <head>
  <title>
</title>
<meta http-equiv="Content-Type" content="text/html;charset=utf-8" />
  <meta name='ocr-system' content='tesseract 3.04.00' />
  <meta name='ocr-capabilities' content='ocr_page ocr_carea ocr_par ocr_line ocrx_word'/>
</head>
<body>
  <div class='ocr_page' id='page_1' title='image "./cplinicaecilise00unkngoog_0318.png"; bbox 0 0 2467 3850; ppageno 0'>
   <div class='ocr_carea' id='block_1_1' title="bbox 385 158 1522 223">
    <p class='ocr_par' dir='ltr' id='par_1_1' title="bbox 385 158 1522 223">
     <span class='ocr_line' id='line_1_1' title="bbox 385 158 1522 223; baseline -0.004 0"><span class='ocrx_word' id='word_1_1' title='bbox 385 158 510 223; x_wconf 70' lang='lat'><strong>286</strong></span> <span class='ocrx_word' id='word_1_2' title='bbox 1228 160 1299 221; x_wconf 84' lang='lat' dir='ltr'><strong>C.</strong></span> <span class='ocrx_word' id='word_1_3' title='bbox 1329 158 1522 220; x_wconf 83' lang='lat' dir='ltr'>PLINI</span> 
     </span>
    </p>
   </div>
   <div class='ocr_carea' id='block_1_2' title="bbox 277 309 2437 3490">
    <p class='ocr_par' dir='ltr' id='par_1_2' title="bbox 277 309 2437 3490">
     <span class='ocr_line' id='line_1_2' title="bbox 385 309 2381 391; baseline 0.001 -19"><span class='ocrx_word' id='word_1_4' title='bbox 385 314 525 391; x_wconf 87' lang='lat' dir='ltr'><strong>ipsis</strong></span> <span class='ocrx_word' id='word_1_5' title='bbox 541 311 764 391; x_wconf 89' lang='lat' dir='ltr'><strong>quidem</strong></span> <span class='ocrx_word' id='word_1_6' title='bbox 785 309 928 372; x_wconf 86' lang='lat' dir='ltr'><strong>baec</strong></span> <span class='ocrx_word' id='word_1_7' title='bbox 941 311 1047 372; x_wconf 80' lang='lat' dir='ltr'><strong>fuit</strong></span> <span class='ocrx_word' id='word_1_8' title='bbox 1068 329 1279 372; x_wconf 85' lang='lat' dir='ltr'><strong>summa</strong></span> <span class='ocrx_word' id='word_1_9' title='bbox 1300 322 1559 373; x_wconf 83' lang='lat' dir='ltr'><strong>votorum</strong></span> <span class='ocrx_word' id='word_1_10' title='bbox 1570 321 1633 372; x_wconf 89' lang='lat' dir='ltr'><strong>ut</strong></span> <span class='ocrx_word' id='word_1_11' title='bbox 1652 331 1759 373; x_wconf 89' lang='lat' dir='ltr'><strong>nos</strong></span> <span class='ocrx_word' id='word_1_12' title='bbox 1783 312 1868 373; x_wconf 90' lang='lat' dir='ltr'><strong>sic</strong></span> <span class='ocrx_word' id='word_1_13' title='bbox 1890 321 2138 374; x_wconf 88' lang='lat' dir='ltr'><strong>amarent</strong></span> <span class='ocrx_word' id='word_1_14' title='bbox 2162 313 2242 373; x_wconf 89' lang='lat' dir='ltr'><strong>dii</strong></span> <span class='ocrx_word' id='word_1_15' title='bbox 2260 332 2381 391; x_wconf 88' lang='lat' dir='ltr'><strong>quo</strong></span> 
     </span>
     <span class='ocr_line' id='line_1_3' title="bbox 384 394 2380 474; baseline -0.001 -18"><span class='ocrx_word' id='word_1_16' title='bbox 384 396 554 457; x_wconf 91' lang='lat' dir='ltr'><strong>modo</strong></span> <span class='ocrx_word' id='word_1_17' title='bbox 569 405 649 456; x_wconf 90' lang='lat' dir='ltr'><strong>tu.</strong></span> <span class='ocrx_word' id='word_1_18' title='bbox 670 394 849 456; x_wconf 89' lang='lat' dir='ltr'><strong>Estne</strong></span> <span class='ocrx_word' id='word_1_19' title='bbox 861 413 1056 455; x_wconf 84' lang='lat' dir='ltr'><strong>verum</strong></span> <span class='ocrx_word' id='word_1_20' title='bbox 1068 395 1218 474; x_wconf 91' lang='lat' dir='ltr'><strong>quod</strong></span> <span class='ocrx_word' id='word_1_21' title='bbox 1233 399 1496 457; x_wconf 85' lang='lat' dir='ltr'><strong>interista</strong></span> <span class='ocrx_word' id='word_1_22' title='bbox 1508 396 1886 474; x_wconf 80' lang='lat' dir='ltr'><strong>clamavimus,</strong></span> <span class='ocrx_word' id='word_1_23' title='bbox 1903 402 1962 456; x_wconf 72' lang='lat' dir='ltr'><strong>‘o</strong></span> <span class='ocrx_word' id='word_1_24' title='bbox 1976 415 2082 457; x_wconf 92' lang='lat' dir='ltr'><strong>nos</strong></span> <span class='ocrx_word' id='word_1_25' title='bbox 2094 396 2336 457; x_wconf 51' lang='lat' dir='ltr'><strong>felices*</strong></span> <span class='ocrx_word' id='word_1_26' title='bbox 2348 395 2380 455; x_wconf 72' lang='lat'><strong>⁶?</strong></span> 
     </span>
     <span class='ocr_line' id='line_1_4' title="bbox 386 478 2379 559; baseline 0.001 -20"><span class='ocrx_word' id='word_1_27' title='bbox 386 480 534 553; x_wconf 82' lang='lat' dir='ltr'><strong>Quid</strong></span> <span class='ocrx_word' id='word_1_28' title='bbox 544 481 692 540; x_wconf 89' lang='lat' dir='ltr'><strong>enim</strong></span> <span class='ocrx_word' id='word_1_29' title='bbox 713 478 938 540; x_wconf 88' lang='lat' dir='ltr'><strong>felicius</strong></span> <span class='ocrx_word' id='word_1_30' title='bbox 950 480 1135 557; x_wconf 85' lang='lat' dir='ltr'><strong>nobis,</strong></span> <span class='ocrx_word' id='word_1_31' title='bbox 1164 479 1367 558; x_wconf 82' lang='lat' dir='ltr'><strong>quibus</strong></span> <span class='ocrx_word' id='word_1_32' title='bbox 1375 498 1488 539; x_wconf 87' lang='lat' dir='ltr'><strong>nou</strong></span> <span class='ocrx_word' id='word_1_33' title='bbox 1499 481 1609 539; x_wconf 87' lang='lat' dir='ltr'><strong>iam</strong></span> <span class='ocrx_word' id='word_1_34' title='bbox 1619 481 1755 540; x_wconf 91' lang='lat' dir='ltr'><strong>illud</strong></span> <span class='ocrx_word' id='word_1_35' title='bbox 1769 480 2070 559; x_wconf 90' lang='lat' dir='ltr'><strong>optandum</strong></span> <span class='ocrx_word' id='word_1_36' title='bbox 2084 490 2176 541; x_wconf 90' lang='lat' dir='ltr'><strong>est</strong></span> <span class='ocrx_word' id='word_1_37' title='bbox 2191 491 2253 540; x_wconf 85' lang='lat' dir='ltr'><strong>ut</strong></span> <span class='ocrx_word' id='word_1_38' title='bbox 2269 499 2379 541; x_wconf 88' lang='lat' dir='ltr'><strong>nos</strong></span> 
     </span>
     <span class='ocr_line' id='line_1_5' title="bbox 385 562 2379 643; baseline -0.001 -19"><span class='ocrx_word' id='word_1_39' title='bbox 385 563 579 641; x_wconf 84' lang='lat' dir='ltr'><strong>diligat</strong></span> <span class='ocrx_word' id='word_1_40' title='bbox 603 565 892 643; x_wconf 87' lang='lat' dir='ltr'><strong>princeps,</strong></span> <span class='ocrx_word' id='word_1_41' title='bbox 909 563 1011 623; x_wconf 88' lang='lat' dir='ltr'><strong>sed</strong></span> <span class='ocrx_word' id='word_1_42' title='bbox 1026 563 1102 623; x_wconf 87' lang='lat' dir='ltr'><strong>dii</strong></span> <span class='ocrx_word' id='word_1_43' title='bbox 1124 563 1587 641; x_wconf 81' lang='lat' dir='ltr'><strong>quemadmodum</strong></span> <span class='ocrx_word' id='word_1_44' title='bbox 1601 562 1911 643; x_wconf 80' lang='lat' dir='ltr'><strong>princeps?</strong></span> <span class='ocrx_word' id='word_1_45' title='bbox 1937 563 2150 626; x_wconf 81' lang='lat' dir='ltr'><strong>Civitas</strong></span> <span class='ocrx_word' id='word_1_46' title='bbox 2174 563 2379 641; x_wconf 84' lang='lat' dir='ltr'><strong>relig-i·</strong></span> 
     </span>
     <span class='ocr_line' id='line_1_6' title="bbox 384 646 2421 727; baseline 0 -19"><span class='ocrx_word' id='word_1_47' title='bbox 384 647 585 708; x_wconf 91' lang='lat' dir='ltr'><strong>onibus</strong></span> <span class='ocrx_word' id='word_1_48' title='bbox 599 646 784 706; x_wconf 88' lang='lat' dir='ltr'><strong>dedita</strong></span> <span class='ocrx_word' id='word_1_49' title='bbox 806 664 1147 726; x_wconf 73' lang='lat' dir='ltr'><strong>semperque</strong></span> <span class='ocrx_word' id='word_1_50' title='bbox 1172 646 1406 706; x_wconf 88' lang='lat' dir='ltr'><strong>deorum</strong></span> <span class='ocrx_word' id='word_1_51' title='bbox 1430 646 1827 725; x_wconf 80' lang='lat' dir='ltr'><strong>indulgentiam</strong></span> <span class='ocrx_word' id='word_1_52' title='bbox 1850 650 2059 727; x_wconf 90' lang='lat' dir='ltr'><strong>pietate</strong></span> <span class='ocrx_word' id='word_1_53' title='bbox 2071 650 2279 708; x_wconf 83' lang='lat' dir='ltr'><strong>merita</strong></span> <span class='ocrx_word' id='word_1_54' title='bbox 2294 650 2421 708; x_wconf 81' lang='lat' dir='ltr'><strong>ni-5</strong></span> 
     </span>
     <span class='ocr_line' id='line_1_7' title="bbox 382 729 2379 810; baseline -0.001 -19"><span class='ocrx_word' id='word_1_55' title='bbox 382 731 464 791; x_wconf 86' lang='lat' dir='ltr'><strong>hil</strong></span> <span class='ocrx_word' id='word_1_56' title='bbox 474 730 730 791; x_wconf 78' lang='lat' dir='ltr'><strong>felicitati</strong></span> <span class='ocrx_word' id='word_1_57' title='bbox 744 747 880 791; x_wconf 86' lang='lat' dir='ltr'><strong>suae</strong></span> <span class='ocrx_word' id='word_1_58' title='bbox 895 740 1052 810; x_wconf 88' lang='lat' dir='ltr'><strong>putat</strong></span> <span class='ocrx_word' id='word_1_59' title='bbox 1064 729 1273 791; x_wconf 82' lang='lat' dir='ltr'><strong>adstrui</strong></span> <span class='ocrx_word' id='word_1_60' title='bbox 1286 747 1461 810; x_wconf 91' lang='lat' dir='ltr'><strong>posse</strong></span> <span class='ocrx_word' id='word_1_61' title='bbox 1473 732 1579 790; x_wconf 89' lang='lat' dir='ltr'><strong>nisi</strong></span> <span class='ocrx_word' id='word_1_62' title='bbox 1592 740 1650 790; x_wconf 90' lang='lat' dir='ltr'><strong>ut</strong></span> <span class='ocrx_word' id='word_1_63' title='bbox 1663 730 1737 791; x_wconf 91' lang='lat' dir='ltr'><strong>dii</strong></span> <span class='ocrx_word' id='word_1_64' title='bbox 1750 729 2050 792; x_wconf 88' lang='lat' dir='ltr'><strong>Caesarem</strong></span> <span class='ocrx_word' id='word_1_65' title='bbox 2062 733 2379 792; x_wconf 79' lang='lat' dir='ltr'><strong>imitentur.</strong></span> 
     </span>
     <span class='ocr_line' id='line_1_8' title="bbox 284 811 2375 893; baseline 0 -19"><span class='ocrx_word' id='word_1_66' title='bbox 284 815 364 882; x_wconf 86' lang='lat'><strong>75</strong></span> <span class='ocrx_word' id='word_1_67' title='bbox 509 813 625 874; x_wconf 91' lang='lat' dir='ltr'><strong>Sed</strong></span> <span class='ocrx_word' id='word_1_68' title='bbox 654 813 785 893; x_wconf 87' lang='lat' dir='ltr'><strong>quid</strong></span> <span class='ocrx_word' id='word_1_69' title='bbox 815 813 1035 891; x_wconf 90' lang='lat' dir='ltr'><strong>singula</strong></span> <span class='ocrx_word' id='word_1_70' title='bbox 1066 824 1372 874; x_wconf 87' lang='lat' dir='ltr'><strong>consector</strong></span> <span class='ocrx_word' id='word_1_71' title='bbox 1397 824 1457 874; x_wconf 91' lang='lat' dir='ltr'><strong>et</strong></span> <span class='ocrx_word' id='word_1_72' title='bbox 1486 811 1738 891; x_wconf 74' lang='lat' dir='ltr'><strong>colligo?</strong></span> <span class='ocrx_word' id='word_1_73' title='bbox 1777 817 1937 893; x_wconf 80' lang='lat' dir='ltr'><strong>quasi</strong></span> <span class='ocrx_word' id='word_1_74' title='bbox 1963 832 2104 875; x_wconf 83' lang='lat' dir='ltr'><strong>vero</strong></span> <span class='ocrx_word' id='word_1_75' title='bbox 2122 824 2220 875; x_wconf 87' lang='lat' dir='ltr'><strong>aut</strong></span> <span class='ocrx_word' id='word_1_76' title='bbox 2242 832 2375 875; x_wconf 87' lang='lat' dir='ltr'><strong>ora·</strong></span> 
     </span>
     <span class='ocr_line' id='line_1_9' title="bbox 383 897 2375 978; baseline 0.001 -20"><span class='ocrx_word' id='word_1_77' title='bbox 383 900 537 958; x_wconf 86' lang='lat' dir='ltr'><strong>tione</strong></span> <span class='ocrx_word' id='word_1_78' title='bbox 565 897 848 976; x_wconf 75' lang='lat' dir='ltr'><strong>conplecti</strong></span> <span class='ocrx_word' id='word_1_79' title='bbox 877 907 971 957; x_wconf 91' lang='lat' dir='ltr'><strong>aut</strong></span> <span class='ocrx_word' id='word_1_80' title='bbox 995 898 1267 958; x_wconf 87' lang='lat' dir='ltr'><strong>memoria</strong></span> <span class='ocrx_word' id='word_1_81' title='bbox 1296 900 1571 976; x_wconf 77' lang='lat' dir='ltr'><strong>consequi</strong></span> <span class='ocrx_word' id='word_1_82' title='bbox 1597 899 1814 978; x_wconf 89' lang='lat' dir='ltr'><strong>possim</strong></span> <span class='ocrx_word' id='word_1_83' title='bbox 1842 916 1987 977; x_wconf 91' lang='lat' dir='ltr'><strong>quae</strong></span> <span class='ocrx_word' id='word_1_84' title='bbox 2014 916 2142 975; x_wconf 79' lang='lat' dir='ltr'><strong>vos,</strong></span> <span class='ocrx_word' id='word_1_85' title='bbox 2173 909 2375 977; x_wconf 84' lang='lat' dir='ltr'><strong>patres</strong></span> 
     </span>
     <span class='ocr_line' id='line_1_10' title="bbox 384 980 2374 1060; baseline 0.001 -18"><span class='ocrx_word' id='word_1_86' title='bbox 384 983 723 1059; x_wconf 77' lang='lat' dir='ltr'><strong>conscripti,</strong></span> <span class='ocrx_word' id='word_1_87' title='bbox 755 999 828 1040; x_wconf 92' lang='lat' dir='ltr'><strong>ne</strong></span> <span class='ocrx_word' id='word_1_88' title='bbox 857 999 965 1060; x_wconf 84' lang='lat' dir='ltr'><strong>qua</strong></span> <span class='ocrx_word' id='word_1_89' title='bbox 993 982 1361 1059; x_wconf 84' lang='lat' dir='ltr'><strong>interciperet</strong></span> <span class='ocrx_word' id='word_1_90' title='bbox 1390 980 1626 1059; x_wconf 83' lang='lat' dir='ltr'><strong>oblivio,</strong></span> <span class='ocrx_word' id='word_1_91' title='bbox 1660 990 1721 1042; x_wconf 92' lang='lat' dir='ltr'><strong>et</strong></span> <span class='ocrx_word' id='word_1_92' title='bbox 1743 982 1801 1041; x_wconf 92' lang='lat' dir='ltr'><strong>in</strong></span> <span class='ocrx_word' id='word_1_93' title='bbox 1829 981 2068 1060; x_wconf 82' lang='lat' dir='ltr'><strong>publica·</strong></span> <span class='ocrx_word' id='word_1_94' title='bbox 2085 992 2212 1043; x_wconf 85' lang='lat' dir='ltr'><strong>acta</strong></span> <span class='ocrx_word' id='word_1_95' title='bbox 2241 984 2374 1044; x_wconf 90' lang='lat' dir='ltr'><strong>mit-</strong></span> 
     </span>
     <span class='ocr_line' id='line_1_11' title="bbox 380 1064 2434 1144; baseline -0.001 -18"><span class='ocrx_word' id='word_1_96' title='bbox 380 1065 548 1126; x_wconf 90' lang='lat' dir='ltr'><strong>tenda</strong></span> <span class='ocrx_word' id='word_1_97' title='bbox 588 1072 648 1125; x_wconf 91' lang='lat' dir='ltr'><strong>et</strong></span> <span class='ocrx_word' id='word_1_98' title='bbox 684 1064 976 1124; x_wconf 87' lang='lat' dir='ltr'><strong>incidenda</strong></span> <span class='ocrx_word' id='word_1_99' title='bbox 1011 1066 1068 1125; x_wconf 90' lang='lat' dir='ltr'><strong>in</strong></span> <span class='ocrx_word' id='word_1_100' title='bbox 1105 1083 1243 1125; x_wconf 93' lang='lat' dir='ltr'><strong>aere</strong></span> <span class='ocrx_word' id='word_1_101' title='bbox 1272 1066 1593 1126; x_wconf 78' lang='lat' dir='ltr'><strong>censuistis.</strong></span> <span class='ocrx_word' id='word_1_102' title='bbox 1655 1064 1807 1126; x_wconf 81' lang='lat' dir='ltr'><strong>Ante</strong></span> <span class='ocrx_word' id='word_1_103' title='bbox 1836 1068 2119 1126; x_wconf 89' lang='lat' dir='ltr'><strong>orationes</strong></span> <span class='ocrx_word' id='word_1_104' title='bbox 2152 1067 2434 1144; x_wconf 83' lang='lat' dir='ltr'><strong>princi-10</strong></span> 
     </span>
     <span class='ocr_line' id='line_1_12' title="bbox 379 1149 2366 1227; baseline 0.001 -19"><span class='ocrx_word' id='word_1_105' title='bbox 379 1167 514 1227; x_wconf 88' lang='lat' dir='ltr'><strong>pum</strong></span> <span class='ocrx_word' id='word_1_106' title='bbox 539 1158 752 1209; x_wconf 77' lang='lat' dir='ltr'><strong>tantum</strong></span> <span class='ocrx_word' id='word_1_107' title='bbox 777 1150 901 1209; x_wconf 90' lang='lat' dir='ltr'><strong>eius</strong></span> <span class='ocrx_word' id='word_1_108' title='bbox 929 1149 1081 1208; x_wconf 88' lang='lat' dir='ltr'><strong>modi</strong></span> <span class='ocrx_word' id='word_1_109' title='bbox 1120 1168 1338 1226; x_wconf 82' lang='lat' dir='ltr'><strong>genere</strong></span> <span class='ocrx_word' id='word_1_110' title='bbox 1378 1159 1861 1209; x_wconf 88' lang='lat' dir='ltr'><strong>monumentorum</strong></span> <span class='ocrx_word' id='word_1_111' title='bbox 1890 1149 2131 1208; x_wconf 88' lang='lat' dir='ltr'><strong>mandari</strong></span> <span class='ocrx_word' id='word_1_112' title='bbox 2173 1159 2366 1210; x_wconf 86' lang='lat' dir='ltr'><strong>aeter·</strong></span> 
     </span>
     <span class='ocr_line' id='line_1_13' title="bbox 381 1231 2367 1311; baseline 0.001 -19"><span class='ocrx_word' id='word_1_113' title='bbox 381 1235 538 1292; x_wconf 89' lang='lat' dir='ltr'><strong>nitati</strong></span> <span class='ocrx_word' id='word_1_114' title='bbox 576 1231 865 1293; x_wconf 85' lang='lat' dir='ltr'><strong>solebant:</strong></span> <span class='ocrx_word' id='word_1_115' title='bbox 913 1231 1348 1293; x_wconf 85' lang='lat' dir='ltr'><strong>adclamationes</strong></span> <span class='ocrx_word' id='word_1_116' title='bbox 1389 1232 1615 1311; x_wconf 90' lang='lat' dir='ltr'><strong>quidem</strong></span> <span class='ocrx_word' id='word_1_117' title='bbox 1653 1241 1880 1293; x_wconf 88' lang='lat' dir='ltr'><strong>nostrae</strong></span> <span class='ocrx_word' id='word_1_118' title='bbox 1918 1232 2228 1310; x_wconf 86' lang='lat' dir='ltr'><strong>parietibus</strong></span> <span class='ocrx_word' id='word_1_119' title='bbox 2270 1251 2367 1293; x_wconf 85' lang='lat' dir='ltr'><strong>cu·</strong></span> 
     </span>
     <span class='ocr_line' id='line_1_14' title="bbox 381 1313 2370 1395; baseline 0.001 -19"><span class='ocrx_word' id='word_1_120' title='bbox 381 1317 501 1376; x_wconf 90' lang='lat' dir='ltr'><strong>riae</strong></span> <span class='ocrx_word' id='word_1_121' title='bbox 531 1313 945 1375; x_wconf 85' lang='lat' dir='ltr'><strong>claudebantur.</strong></span> <span class='ocrx_word' id='word_1_122' title='bbox 986 1315 1164 1376; x_wconf 83' lang='lat' dir='ltr'><strong>Erant</strong></span> <span class='ocrx_word' id='word_1_123' title='bbox 1193 1318 1343 1377; x_wconf 90' lang='lat' dir='ltr'><strong>enim</strong></span> <span class='ocrx_word' id='word_1_124' title='bbox 1365 1316 1567 1395; x_wconf 89' lang='lat' dir='ltr'><strong>quibus</strong></span> <span class='ocrx_word' id='word_1_125' title='bbox 1596 1334 1706 1376; x_wconf 88' lang='lat' dir='ltr'><strong>nec</strong></span> <span class='ocrx_word' id='word_1_126' title='bbox 1733 1325 1959 1377; x_wconf 87' lang='lat' dir='ltr'><strong>senatus</strong></span> <span class='ocrx_word' id='word_1_127' title='bbox 1989 1315 2218 1394; x_wconf 83' lang='lat' dir='ltr'><strong>gloriari</strong></span> <span class='ocrx_word' id='word_1_128' title='bbox 2255 1335 2370 1377; x_wconf 88' lang='lat' dir='ltr'><strong>nec</strong></span> 
     </span>
     <span class='ocr_line' id='line_1_15' title="bbox 383 1399 2367 1479; baseline 0.002 -21"><span class='ocrx_word' id='word_1_129' title='bbox 383 1401 672 1478; x_wconf 89' lang='lat' dir='ltr'><strong>principes</strong></span> <span class='ocrx_word' id='word_1_130' title='bbox 703 1408 959 1477; x_wconf 89' lang='lat' dir='ltr'><strong>possent.</strong></span> <span class='ocrx_word' id='word_1_131' title='bbox 984 1399 1099 1460; x_wconf 84' lang='lat' dir='ltr'><strong>Has</strong></span> <span class='ocrx_word' id='word_1_132' title='bbox 1123 1417 1266 1461; x_wconf 83' lang='lat' dir='ltr'><strong>vero</strong></span> <span class='ocrx_word' id='word_1_133' title='bbox 1293 1409 1353 1460; x_wconf 92' lang='lat' dir='ltr'><strong>et</strong></span> <span class='ocrx_word' id='word_1_134' title='bbox 1378 1402 1436 1459; x_wconf 93' lang='lat' dir='ltr'><strong>in</strong></span> <span class='ocrx_word' id='word_1_135' title='bbox 1460 1399 1667 1477; x_wconf 83' lang='lat' dir='ltr'><strong>vulgus</strong></span> <span class='ocrx_word' id='word_1_136' title='bbox 1697 1402 1855 1460; x_wconf 83' lang='lat' dir='ltr'><strong>exire</strong></span> <span class='ocrx_word' id='word_1_137' title='bbox 1877 1409 1937 1460; x_wconf 92' lang='lat' dir='ltr'><strong>et</strong></span> <span class='ocrx_word' id='word_1_138' title='bbox 1958 1402 2204 1479; x_wconf 85' lang='lat' dir='ltr'><strong>posteris</strong></span> <span class='ocrx_word' id='word_1_139' title='bbox 2231 1419 2367 1479; x_wconf 88' lang='lat' dir='ltr'><strong>pro-</strong></span> 
     </span>
     <span class='ocr_line' id='line_1_16' title="bbox 382 1481 2426 1564; baseline 0.001 -23"><span class='ocrx_word' id='word_1_140' title='bbox 382 1481 439 1541; x_wconf 92' lang='lat' dir='ltr'><strong>di</strong></span> <span class='ocrx_word' id='word_1_141' title='bbox 473 1499 600 1542; x_wconf 89' lang='lat' dir='ltr'><strong>cum</strong></span> <span class='ocrx_word' id='word_1_142' title='bbox 627 1500 704 1542; x_wconf 82' lang='lat' dir='ltr'><strong>ex</strong></span> <span class='ocrx_word' id='word_1_143' title='bbox 730 1481 963 1544; x_wconf 89' lang='lat' dir='ltr'><strong>utilitate</strong></span> <span class='ocrx_word' id='word_1_144' title='bbox 1001 1492 1117 1543; x_wconf 90' lang='lat' dir='ltr'><strong>tum</strong></span> <span class='ocrx_word' id='word_1_145' title='bbox 1156 1502 1230 1544; x_wconf 90' lang='lat' dir='ltr'><strong>ex</strong></span> <span class='ocrx_word' id='word_1_146' title='bbox 1270 1483 1538 1561; x_wconf 91' lang='lat' dir='ltr'><strong>dignitate</strong></span> <span class='ocrx_word' id='word_1_147' title='bbox 1567 1483 1797 1561; x_wconf 88' lang='lat' dir='ltr'><strong>publica</strong></span> <span class='ocrx_word' id='word_1_148' title='bbox 1822 1483 1953 1545; x_wconf 79' lang='lat' dir='ltr'><strong>fuit:</strong></span> <span class='ocrx_word' id='word_1_149' title='bbox 1993 1486 2265 1564; x_wconf 89' lang='lat' dir='ltr'><strong>primum,</strong></span> <span class='ocrx_word' id='word_1_150' title='bbox 2304 1494 2426 1546; x_wconf 79' lang='lat' dir='ltr'><strong>ut15</strong></span> 
     </span>
     <span class='ocr_line' id='line_1_17' title="bbox 383 1566 2363 1644; baseline 0.001 -18"><span class='ocrx_word' id='word_1_151' title='bbox 383 1566 537 1626; x_wconf 87' lang='lat' dir='ltr'><strong>orbis</strong></span> <span class='ocrx_word' id='word_1_152' title='bbox 565 1574 834 1627; x_wconf 84' lang='lat' dir='ltr'><strong>terrarum</strong></span> <span class='ocrx_word' id='word_1_153' title='bbox 862 1569 1085 1644; x_wconf 89' lang='lat' dir='ltr'><strong>pietatis</strong></span> <span class='ocrx_word' id='word_1_154' title='bbox 1117 1576 1344 1628; x_wconf 80' lang='lat' dir='ltr'><strong>nostrae</strong></span> <span class='ocrx_word' id='word_1_155' title='bbox 1388 1567 1750 1628; x_wconf 85' lang='lat' dir='ltr'><strong>adhiberetur</strong></span> <span class='ocrx_word' id='word_1_156' title='bbox 1775 1569 1937 1628; x_wconf 86' lang='lat' dir='ltr'><strong>testis</strong></span> <span class='ocrx_word' id='word_1_157' title='bbox 1968 1576 2028 1628; x_wconf 90' lang='lat' dir='ltr'><strong>et</strong></span> <span class='ocrx_word' id='word_1_158' title='bbox 2064 1570 2363 1636; x_wconf 79' lang='lat' dir='ltr'><strong>conscius:</strong></span> 
     </span>
     <span class='ocr_line' id='line_1_18' title="bbox 381 1649 2363 1730; baseline 0.002 -22"><span class='ocrx_word' id='word_1_159' title='bbox 381 1649 606 1728; x_wconf 91' lang='lat' dir='ltr'><strong>deinde,</strong></span> <span class='ocrx_word' id='word_1_160' title='bbox 635 1660 697 1710; x_wconf 85' lang='lat' dir='ltr'><strong>ut</strong></span> <span class='ocrx_word' id='word_1_161' title='bbox 723 1651 1074 1711; x_wconf 84' lang='lat' dir='ltr'><strong>manifestum</strong></span> <span class='ocrx_word' id='word_1_162' title='bbox 1095 1659 1255 1711; x_wconf 87' lang='lat' dir='ltr'><strong>esset</strong></span> <span class='ocrx_word' id='word_1_163' title='bbox 1273 1650 1484 1711; x_wconf 86' lang='lat' dir='ltr'><strong>audere</strong></span> <span class='ocrx_word' id='word_1_164' title='bbox 1505 1669 1610 1713; x_wconf 89' lang='lat' dir='ltr'><strong>nos</strong></span> <span class='ocrx_word' id='word_1_165' title='bbox 1633 1650 1705 1712; x_wconf 91' lang='lat' dir='ltr'><strong>de</strong></span> <span class='ocrx_word' id='word_1_166' title='bbox 1727 1652 1888 1711; x_wconf 89' lang='lat' dir='ltr'><strong>bonis</strong></span> <span class='ocrx_word' id='word_1_167' title='bbox 1918 1651 2192 1730; x_wconf 88' lang='lat' dir='ltr'><strong>malisque</strong></span> <span class='ocrx_word' id='word_1_168' title='bbox 2215 1654 2363 1729; x_wconf 89' lang='lat' dir='ltr'><strong>prin·</strong></span> 
     </span>
     <span class='ocr_line' id='line_1_19' title="bbox 383 1734 2361 1815; baseline 0.001 -21"><span class='ocrx_word' id='word_1_169' title='bbox 383 1734 606 1812; x_wconf 84' lang='lat' dir='ltr'><strong>cipibus</strong></span> <span class='ocrx_word' id='word_1_170' title='bbox 633 1753 746 1795; x_wconf 94' lang='lat' dir='ltr'><strong>non</strong></span> <span class='ocrx_word' id='word_1_171' title='bbox 774 1743 983 1794; x_wconf 88' lang='lat' dir='ltr'><strong>tantum</strong></span> <span class='ocrx_word' id='word_1_172' title='bbox 1011 1743 1145 1814; x_wconf 91' lang='lat' dir='ltr'><strong>post</strong></span> <span class='ocrx_word' id='word_1_173' title='bbox 1170 1737 1331 1814; x_wconf 87' lang='lat' dir='ltr'><strong>ipsos</strong></span> <span class='ocrx_word' id='word_1_174' title='bbox 1359 1735 1634 1804; x_wconf 83' lang='lat' dir='ltr'><strong>iudieare;</strong></span> <span class='ocrx_word' id='word_1_175' title='bbox 1675 1744 1994 1814; x_wconf 89' lang='lat' dir='ltr'><strong>postremo,</strong></span> <span class='ocrx_word' id='word_1_176' title='bbox 2035 1745 2098 1795; x_wconf 89' lang='lat' dir='ltr'><strong>ut</strong></span> <span class='ocrx_word' id='word_1_177' title='bbox 2135 1737 2361 1815; x_wconf 84' lang='lat' dir='ltr'><strong>experi-</strong></span> 
     </span>
     <span class='ocr_line' id='line_1_20' title="bbox 379 1818 2361 1897; baseline 0.001 -20"><span class='ocrx_word' id='word_1_178' title='bbox 379 1828 569 1879; x_wconf 88' lang='lat' dir='ltr'><strong>mento</strong></span> <span class='ocrx_word' id='word_1_179' title='bbox 602 1827 1050 1896; x_wconf 83' lang='lat' dir='ltr'><strong>cognosceretur</strong></span> <span class='ocrx_word' id='word_1_180' title='bbox 1082 1827 1143 1878; x_wconf 91' lang='lat' dir='ltr'><strong>et</strong></span> <span class='ocrx_word' id='word_1_181' title='bbox 1170 1828 1299 1878; x_wconf 89' lang='lat' dir='ltr'><strong>ante</strong></span> <span class='ocrx_word' id='word_1_182' title='bbox 1330 1835 1436 1879; x_wconf 90' lang='lat' dir='ltr'><strong>nos</strong></span> <span class='ocrx_word' id='word_1_183' title='bbox 1465 1828 1693 1897; x_wconf 84' lang='lat' dir='ltr'><strong>gratos,</strong></span> <span class='ocrx_word' id='word_1_184' title='bbox 1730 1818 1838 1880; x_wconf 85' lang='lat' dir='ltr'><strong>sed</strong></span> <span class='ocrx_word' id='word_1_185' title='bbox 1875 1821 2113 1879; x_wconf 89' lang='lat' dir='ltr'><strong>miseros</strong></span> <span class='ocrx_word' id='word_1_186' title='bbox 2154 1819 2361 1895; x_wconf 83' lang='lat' dir='ltr'><strong>fuisse,</strong></span> 
     </span>
     <span class='ocr_line' id='line_1_21' title="bbox 379 1902 2423 1982; baseline 0 -19"><span class='ocrx_word' id='word_1_187' title='bbox 379 1903 583 1982; x_wconf 87' lang='lat' dir='ltr'><strong>quibus</strong></span> <span class='ocrx_word' id='word_1_188' title='bbox 612 1921 746 1964; x_wconf 89' lang='lat' dir='ltr'><strong>esse</strong></span> <span class='ocrx_word' id='word_1_189' title='bbox 773 1920 878 1963; x_wconf 89' lang='lat' dir='ltr'><strong>nos</strong></span> <span class='ocrx_word' id='word_1_190' title='bbox 907 1912 1101 1980; x_wconf 84' lang='lat' dir='ltr'><strong>gratos</strong></span> <span class='ocrx_word' id='word_1_191' title='bbox 1133 1902 1373 1981; x_wconf 86' lang='lat' dir='ltr'><strong>probare</strong></span> <span class='ocrx_word' id='word_1_192' title='bbox 1402 1912 1565 1965; x_wconf 88' lang='lat' dir='ltr'><strong>antea</strong></span> <span class='ocrx_word' id='word_1_193' title='bbox 1599 1919 1711 1964; x_wconf 89' lang='lat' dir='ltr'><strong>non</strong></span> <span class='ocrx_word' id='word_1_194' title='bbox 1739 1903 1917 1963; x_wconf 87' lang='lat' dir='ltr'><strong>licuit.</strong></span> <span class='ocrx_word' id='word_1_195' title='bbox 1976 1903 2053 1963; x_wconf 89' lang='lat' dir='ltr'><strong>At</strong></span> <span class='ocrx_word' id='word_1_196' title='bbox 2081 1921 2193 1982; x_wconf 91' lang='lat' dir='ltr'><strong>qua</strong></span> <span class='ocrx_word' id='word_1_197' title='bbox 2224 1912 2423 1964; x_wconf 71' lang='lat' dir='ltr'><strong>eon-20</strong></span> 
     </span>
     <span class='ocr_line' id='line_1_22' title="bbox 378 1986 2361 2066; baseline 0 -19"><span class='ocrx_word' id='word_1_198' title='bbox 378 1989 630 2048; x_wconf 86' lang='lat' dir='ltr'><strong>tentione</strong></span> <span class='ocrx_word' id='word_1_199' title='bbox 645 2032 663 2065; x_wconf 91' lang='lat'><strong>,</strong></span> <span class='ocrx_word' id='word_1_200' title='bbox 694 2005 808 2066; x_wconf 91' lang='lat' dir='ltr'><strong>quo</strong></span> <span class='ocrx_word' id='word_1_201' title='bbox 834 1989 993 2065; x_wconf 90' lang='lat' dir='ltr'><strong>nisu,</strong></span> <span class='ocrx_word' id='word_1_202' title='bbox 1023 1988 1229 2066; x_wconf 89' lang='lat' dir='ltr'><strong>quibus</strong></span> <span class='ocrx_word' id='word_1_203' title='bbox 1252 1986 1588 2051; x_wconf 87' lang='lat' dir='ltr'><strong>clamoribus</strong></span> <span class='ocrx_word' id='word_1_204' title='bbox 1613 1986 2028 2065; x_wconf 85' lang='lat' dir='ltr'><strong>expostulatum</strong></span> <span class='ocrx_word' id='word_1_205' title='bbox 2052 1996 2239 2048; x_wconf 87' lang='lat' dir='ltr'><strong>estne</strong></span> <span class='ocrx_word' id='word_1_206' title='bbox 2267 1988 2361 2047; x_wconf 85' lang='lat' dir='ltr'><strong>ad·</strong></span> 
     </span>
     <span class='ocr_line' id='line_1_23' title="bbox 380 2071 2359 2151; baseline 0.001 -21"><span class='ocrx_word' id='word_1_207' title='bbox 380 2071 568 2132; x_wconf 86' lang='lat' dir='ltr'><strong>fectus</strong></span> <span class='ocrx_word' id='word_1_208' title='bbox 595 2082 853 2143; x_wconf 83' lang='lat' dir='ltr'><strong>nostros,</strong></span> <span class='ocrx_word' id='word_1_209' title='bbox 895 2091 969 2131; x_wconf 92' lang='lat' dir='ltr'><strong>ne</strong></span> <span class='ocrx_word' id='word_1_210' title='bbox 993 2080 1088 2131; x_wconf 85' lang='lat' dir='ltr'><strong>tua</strong></span> <span class='ocrx_word' id='word_1_211' title='bbox 1116 2073 1311 2131; x_wconf 89' lang='lat' dir='ltr'><strong>merita</strong></span> <span class='ocrx_word' id='word_1_212' title='bbox 1341 2074 1757 2151; x_wconf 89' lang='lat' dir='ltr'><strong>supprimeres‚</strong></span> <span class='ocrx_word' id='word_1_213' title='bbox 1799 2071 2040 2150; x_wconf 91' lang='lat' dir='ltr'><strong>denique</strong></span> <span class='ocrx_word' id='word_1_214' title='bbox 2079 2081 2141 2132; x_wconf 91' lang='lat' dir='ltr'><strong>ut</strong></span> <span class='ocrx_word' id='word_1_215' title='bbox 2169 2072 2227 2131; x_wconf 87' lang='lat' dir='ltr'><strong>in</strong></span> <span class='ocrx_word' id='word_1_216' title='bbox 2257 2089 2359 2150; x_wconf 92' lang='lat' dir='ltr'><strong>po·</strong></span> 
     </span>
     <span class='ocr_line' id='line_1_24' title="bbox 381 2153 2359 2235; baseline 0.001 -21"><span class='ocrx_word' id='word_1_217' title='bbox 381 2165 592 2215; x_wconf 88' lang='lat' dir='ltr'><strong>sterum</strong></span> <span class='ocrx_word' id='word_1_218' title='bbox 625 2154 889 2235; x_wconf 83' lang='lat' dir='ltr'><strong>exemplo</strong></span> <span class='ocrx_word' id='word_1_219' title='bbox 918 2154 1281 2234; x_wconf 88' lang='lat' dir='ltr'><strong>provideres!</strong></span> <span class='ocrx_word' id='word_1_220' title='bbox 1333 2154 1568 2215; x_wconf 87' lang='lat' dir='ltr'><strong>Discaut</strong></span> <span class='ocrx_word' id='word_1_221' title='bbox 1598 2165 1657 2215; x_wconf 91' lang='lat' dir='ltr'><strong>et</strong></span> <span class='ocrx_word' id='word_1_222' title='bbox 1682 2157 1969 2235; x_wconf 88' lang='lat' dir='ltr'><strong>principes</strong></span> <span class='ocrx_word' id='word_1_223' title='bbox 2000 2153 2359 2216; x_wconf 88' lang='lat' dir='ltr'><strong>adclamatio·</strong></span> 
     </span>
     <span class='ocr_line' id='line_1_25' title="bbox 379 2238 2358 2318; baseline 0.001 -21"><span class='ocrx_word' id='word_1_224' title='bbox 379 2257 484 2298; x_wconf 88' lang='lat' dir='ltr'><strong>nes</strong></span> <span class='ocrx_word' id='word_1_225' title='bbox 523 2257 689 2299; x_wconf 83' lang='lat' dir='ltr'><strong>veras</strong></span> <span class='ocrx_word' id='word_1_226' title='bbox 728 2238 1015 2317; x_wconf 86' lang='lat' dir='ltr'><strong>falsasque</strong></span> <span class='ocrx_word' id='word_1_227' title='bbox 1060 2239 1386 2300; x_wconf 89' lang='lat' dir='ltr'><strong>discernere</strong></span> <span class='ocrx_word' id='word_1_228' title='bbox 1425 2239 1777 2317; x_wconf 87' lang='lat' dir='ltr'><strong>habeantque</strong></span> <span class='ocrx_word' id='word_1_229' title='bbox 1814 2241 2059 2299; x_wconf 89' lang='lat' dir='ltr'><strong>muneris</strong></span> <span class='ocrx_word' id='word_1_230' title='bbox 2087 2240 2171 2299; x_wconf 90' lang='lat' dir='ltr'><strong>tui</strong></span> <span class='ocrx_word' id='word_1_231' title='bbox 2205 2238 2358 2318; x_wconf 84' lang='lat' dir='ltr'><strong>quod</strong></span> 
     </span>
     <span class='ocr_line' id='line_1_26' title="bbox 380 2320 2415 2401; baseline 0.001 -21"><span class='ocrx_word' id='word_1_232' title='bbox 380 2325 487 2381; x_wconf 86' lang='lat' dir='ltr'><strong>iam</strong></span> <span class='ocrx_word' id='word_1_233' title='bbox 519 2320 707 2400; x_wconf 88' lang='lat' dir='ltr'><strong>decipi</strong></span> <span class='ocrx_word' id='word_1_234' title='bbox 739 2340 852 2381; x_wconf 91' lang='lat' dir='ltr'><strong>non</strong></span> <span class='ocrx_word' id='word_1_235' title='bbox 880 2332 1166 2401; x_wconf 88' lang='lat' dir='ltr'><strong>poterunt.</strong></span> <span class='ocrx_word' id='word_1_236' title='bbox 1214 2322 1344 2383; x_wconf 85' lang='lat' dir='ltr'><strong>Non</strong></span> <span class='ocrx_word' id='word_1_237' title='bbox 1372 2323 1752 2384; x_wconf 87' lang='lat' dir='ltr'><strong>instruendum</strong></span> <span class='ocrx_word' id='word_1_238' title='bbox 1778 2322 1888 2383; x_wconf 85' lang='lat' dir='ltr'><strong>illis</strong></span> <span class='ocrx_word' id='word_1_239' title='bbox 1917 2324 2026 2382; x_wconf 91' lang='lat' dir='ltr'><strong>iter</strong></span> <span class='ocrx_word' id='word_1_240' title='bbox 2052 2323 2124 2383; x_wconf 90' lang='lat' dir='ltr'><strong>ad</strong></span> <span class='ocrx_word' id='word_1_241' title='bbox 2152 2323 2415 2383; x_wconf 64' lang='lat' dir='ltr'><strong>bonamffi</strong></span> 
     </span>
     <span class='ocr_line' id='line_1_27' title="bbox 378 2404 2356 2485; baseline 0.002 -22"><span class='ocrx_word' id='word_1_242' title='bbox 378 2404 596 2480; x_wconf 80' lang='lat' dir='ltr'><strong>samam,</strong></span> <span class='ocrx_word' id='word_1_243' title='bbox 624 2404 851 2465; x_wconf 89' lang='lat' dir='ltr'><strong>sednon</strong></span> <span class='ocrx_word' id='word_1_244' title='bbox 865 2406 1259 2483; x_wconf 85' lang='lat' dir='ltr'><strong>deserendum,</strong></span> <span class='ocrx_word' id='word_1_245' title='bbox 1284 2424 1396 2467; x_wconf 91' lang='lat' dir='ltr'><strong>non</strong></span> <span class='ocrx_word' id='word_1_246' title='bbox 1414 2405 1812 2467; x_wconf 84' lang='lat' dir='ltr'><strong>summovenda</strong></span> <span class='ocrx_word' id='word_1_247' title='bbox 1832 2405 2098 2485; x_wconf 88' lang='lat' dir='ltr'><strong>adulatio,</strong></span> <span class='ocrx_word' id='word_1_248' title='bbox 2120 2407 2356 2468; x_wconf 90' lang='lat' dir='ltr'><strong>sednon</strong></span> 
     </span>
     <span class='ocr_line' id='line_1_28' title="bbox 375 2487 2354 2569; baseline 0.002 -21"><span class='ocrx_word' id='word_1_249' title='bbox 375 2488 698 2550; x_wconf 87' lang='lat' dir='ltr'><strong>reducenda</strong></span> <span class='ocrx_word' id='word_1_250' title='bbox 720 2496 827 2549; x_wconf 87' lang='lat' dir='ltr'><strong>est.</strong></span> <span class='ocrx_word' id='word_1_251' title='bbox 858 2487 1088 2549; x_wconf 87' lang='lat' dir='ltr'><strong>Certum</strong></span> <span class='ocrx_word' id='word_1_252' title='bbox 1109 2500 1200 2551; x_wconf 88' lang='lat' dir='ltr'><strong>est</strong></span> <span class='ocrx_word' id='word_1_253' title='bbox 1221 2500 1281 2551; x_wconf 92' lang='lat' dir='ltr'><strong>et</strong></span> <span class='ocrx_word' id='word_1_254' title='bbox 1305 2509 1449 2569; x_wconf 88' lang='lat' dir='ltr'><strong>quae</strong></span> <span class='ocrx_word' id='word_1_255' title='bbox 1474 2492 1667 2552; x_wconf 85' lang='lat' dir='ltr'><strong>facere</strong></span> <span class='ocrx_word' id='word_1_256' title='bbox 1693 2501 1751 2551; x_wconf 86' lang='lat' dir='ltr'><strong>et</strong></span> <span class='ocrx_word' id='word_1_257' title='bbox 1767 2508 1909 2569; x_wconf 88' lang='lat' dir='ltr'><strong>quae</strong></span> <span class='ocrx_word' id='word_1_258' title='bbox 1932 2489 2179 2552; x_wconf 86' lang='lat' dir='ltr'><strong>debeant</strong></span> <span class='ocrx_word' id='word_1_259' title='bbox 2202 2491 2354 2551; x_wconf 88' lang='lat' dir='ltr'><strong>audi-</strong></span> 
     </span>
     <span class='ocr_line' id='line_1_29' title="bbox 375 2571 2355 2653; baseline 0.001 -20"><span class='ocrx_word' id='word_1_260' title='bbox 375 2592 462 2651; x_wconf 91' lang='lat' dir='ltr'><strong>re,</strong></span> <span class='ocrx_word' id='word_1_261' title='bbox 489 2575 538 2633; x_wconf 88' lang='lat' dir='ltr'><strong>si</strong></span> <span class='ocrx_word' id='word_1_262' title='bbox 561 2572 783 2633; x_wconf 87' lang='lat' dir='ltr'><strong>faciant.</strong></span> <span class='ocrx_word' id='word_1_263' title='bbox 811 2571 960 2647; x_wconf 84' lang='lat' dir='ltr'><strong>Quid</strong></span> <span class='ocrx_word' id='word_1_264' title='bbox 982 2593 1129 2634; x_wconf 87' lang='lat' dir='ltr'><strong>nunc</strong></span> <span class='ocrx_word' id='word_1_265' title='bbox 1152 2592 1269 2651; x_wconf 85' lang='lat' dir='ltr'><strong>ego</strong></span> <span class='ocrx_word' id='word_1_266' title='bbox 1281 2590 1455 2653; x_wconf 89' lang='lat' dir='ltr'><strong>super</strong></span> <span class='ocrx_word' id='word_1_267' title='bbox 1469 2593 1537 2635; x_wconf 89' lang='lat' dir='ltr'><strong>ea</strong></span> <span class='ocrx_word' id='word_1_268' title='bbox 1559 2593 1703 2653; x_wconf 88' lang='lat' dir='ltr'><strong>quae</strong></span> <span class='ocrx_word' id='word_1_269' title='bbox 1723 2593 1847 2635; x_wconf 90' lang='lat' dir='ltr'><strong>sum</strong></span> <span class='ocrx_word' id='word_1_270' title='bbox 1867 2592 1993 2634; x_wconf 90' lang='lat' dir='ltr'><strong>cum</strong></span> <span class='ocrx_word' id='word_1_271' title='bbox 2012 2584 2133 2635; x_wconf 92' lang='lat' dir='ltr'><strong>toto</strong></span> <span class='ocrx_word' id='word_1_272' title='bbox 2156 2585 2355 2636; x_wconf 84' lang='lat' dir='ltr'><strong>senatu</strong></span> 
     </span>
     <span class='ocr_line' id='line_1_30' title="bbox 376 2658 2354 2738; baseline 0.001 -22"><span class='ocrx_word' id='word_1_273' title='bbox 376 2667 640 2738; x_wconf 87' lang='lat' dir='ltr'><strong>precatus</strong></span> <span class='ocrx_word' id='word_1_274' title='bbox 667 2675 771 2737; x_wconf 94' lang='lat' dir='ltr'><strong>pro</strong></span> <span class='ocrx_word' id='word_1_275' title='bbox 800 2667 997 2718; x_wconf 86' lang='lat' dir='ltr'><strong>senatu</strong></span> <span class='ocrx_word' id='word_1_276' title='bbox 1026 2677 1254 2737; x_wconf 85' lang='lat' dir='ltr'><strong>precer,</strong></span> <span class='ocrx_word' id='word_1_277' title='bbox 1283 2660 1390 2718; x_wconf 90' lang='lat' dir='ltr'><strong>nisi</strong></span> <span class='ocrx_word' id='word_1_278' title='bbox 1416 2667 1477 2717; x_wconf 88' lang='lat' dir='ltr'><strong>ut</strong></span> <span class='ocrx_word' id='word_1_279' title='bbox 1501 2658 1730 2719; x_wconf 90' lang='lat' dir='ltr'><strong>baereat</strong></span> <span class='ocrx_word' id='word_1_280' title='bbox 1753 2661 1934 2718; x_wconf 86' lang='lat' dir='ltr'><strong>animo</strong></span> <span class='ocrx_word' id='word_1_281' title='bbox 1967 2668 2062 2719; x_wconf 88' lang='lat' dir='ltr'><strong>tuo</strong></span> <span class='ocrx_word' id='word_1_282' title='bbox 2093 2659 2354 2735; x_wconf 86' lang='lat' dir='ltr'><strong>gaudium</strong></span> 
     </span>
     <span class='ocr_line' id='line_1_31' title="bbox 376 2739 2413 2822; baseline 0.001 -21"><span class='ocrx_word' id='word_1_283' title='bbox 376 2742 528 2821; x_wconf 87' lang='lat' dir='ltr'><strong>quod</strong></span> <span class='ocrx_word' id='word_1_284' title='bbox 553 2751 687 2802; x_wconf 82' lang='lat' dir='ltr'><strong>tunc</strong></span> <span class='ocrx_word' id='word_1_285' title='bbox 714 2741 893 2802; x_wconf 87' lang='lat' dir='ltr'><strong>oculis</strong></span> <span class='ocrx_word' id='word_1_286' title='bbox 915 2739 1240 2822; x_wconf 79' lang='lat' dir='ltr'><strong>protulisti?</strong></span> <span class='ocrx_word' id='word_1_287' title='bbox 1276 2740 1448 2802; x_wconf 88' lang='lat' dir='ltr'><strong>Ames</strong></span> <span class='ocrx_word' id='word_1_288' title='bbox 1471 2741 1626 2801; x_wconf 91' lang='lat' dir='ltr'><strong>illum</strong></span> <span class='ocrx_word' id='word_1_289' title='bbox 1649 2741 1813 2817; x_wconf 75' lang='lat' dir='ltr'><strong>dlem,</strong></span> <span class='ocrx_word' id='word_1_290' title='bbox 1846 2752 1904 2802; x_wconf 90' lang='lat' dir='ltr'><strong>et</strong></span> <span class='ocrx_word' id='word_1_291' title='bbox 1928 2751 2111 2803; x_wconf 89' lang='lat' dir='ltr'><strong>tamen</strong></span> <span class='ocrx_word' id='word_1_292' title='bbox 2136 2744 2413 2818; x_wconf 72' lang='lat' dir='ltr'><strong>vincas,30</strong></span> 
     </span>
     <span class='ocr_line' id='line_1_32' title="bbox 372 2822 2437 2902; baseline 0 -18"><span class='ocrx_word' id='word_1_293' title='bbox 372 2843 521 2885; x_wconf 80' lang='lat' dir='ltr'><strong>nova</strong></span> <span class='ocrx_word' id='word_1_294' title='bbox 543 2829 833 2902; x_wconf 91' lang='lat' dir='ltr'><strong>merearis,</strong></span> <span class='ocrx_word' id='word_1_295' title='bbox 859 2844 1007 2886; x_wconf 83' lang='lat' dir='ltr'><strong>nova</strong></span> <span class='ocrx_word' id='word_1_296' title='bbox 1030 2825 1251 2887; x_wconf 89' lang='lat' dir='ltr'><strong>audias:</strong></span> <span class='ocrx_word' id='word_1_297' title='bbox 1274 2826 1472 2886; x_wconf 84' lang='lat' dir='ltr'><strong>eadem</strong></span> <span class='ocrx_word' id='word_1_298' title='bbox 1496 2828 1644 2886; x_wconf 92' lang='lat' dir='ltr'><strong>enim</strong></span> <span class='ocrx_word' id='word_1_299' title='bbox 1669 2825 1778 2885; x_wconf 88' lang='lat' dir='ltr'><strong>dici</strong></span> <span class='ocrx_word' id='word_1_300' title='bbox 1801 2827 1909 2885; x_wconf 88' lang='lat' dir='ltr'><strong>nisi</strong></span> <span class='ocrx_word' id='word_1_301' title='bbox 1934 2827 2008 2887; x_wconf 85' lang='lat' dir='ltr'><strong>ob</strong></span> <span class='ocrx_word' id='word_1_302' title='bbox 2033 2826 2251 2888; x_wconf 80' lang='lat' dir='ltr'><strong>eadem</strong></span> <span class='ocrx_word' id='word_1_303' title='bbox 2274 2825 2352 2885; x_wconf 88' lang='lat' dir='ltr'><strong>fa·</strong></span> <span class='ocrx_word' id='word_1_304' title='bbox 2436 2822 2437 2831; x_wconf 76' lang='grc'>’</span> 
     </span>
     <span class='ocr_line' id='line_1_33' title="bbox 277 2844 2437 2989; baseline 0.001 -22"><span class='ocrx_word' id='word_1_305' title='bbox 277 2904 355 2969; x_wconf 82' lang='grc'><strong>76</strong></span> <span class='ocrx_word' id='word_1_306' title='bbox 379 2918 465 2968; x_wconf 90' lang='lat' dir='ltr'><strong>cta</strong></span> <span class='ocrx_word' id='word_1_307' title='bbox 487 2927 600 2969; x_wconf 92' lang='lat' dir='ltr'><strong>non</strong></span> <span class='ocrx_word' id='word_1_308' title='bbox 626 2920 879 2987; x_wconf 88' lang='lat' dir='ltr'><strong>possunt.</strong></span> <span class='ocrx_word' id='word_1_309' title='bbox 905 2908 1021 2970; x_wconf 88' lang='lat' dir='ltr'><strong>lam</strong></span> <span class='ocrx_word' id='word_1_310' title='bbox 1044 2927 1207 2989; x_wconf 85' lang='lat' dir='ltr'><strong>quam</strong></span> <span class='ocrx_word' id='word_1_311' title='bbox 1221 2912 1523 2988; x_wconf 88' lang='lat' dir='ltr'><strong>antiquum,</strong></span> <span class='ocrx_word' id='word_1_312' title='bbox 1551 2928 1717 2989; x_wconf 88' lang='lat' dir='ltr'><strong>quam</strong></span> <span class='ocrx_word' id='word_1_313' title='bbox 1740 2909 2059 2986; x_wconf 87' lang='lat' dir='ltr'><strong>consulare,</strong></span> <span class='ocrx_word' id='word_1_314' title='bbox 2084 2909 2237 2988; x_wconf 90' lang='lat' dir='ltr'><strong>quod</strong></span> <span class='ocrx_word' id='word_1_315' title='bbox 2256 2912 2352 2970; x_wconf 89' lang='lat' dir='ltr'><strong>tri·</strong></span> <span class='ocrx_word' id='word_1_316' title='bbox 2434 2844 2437 2977; x_wconf 67' lang='grc' dir='ltr'>Ι</span> 
     </span>
     <span class='ocr_line' id='line_1_34' title="bbox 374 2982 2435 3072; baseline 0.004 -22"><span class='ocrx_word' id='word_1_317' title='bbox 374 2990 544 3051; x_wconf 84' lang='lat' dir='ltr'><strong>duum</strong></span> <span class='ocrx_word' id='word_1_318' title='bbox 568 3002 750 3053; x_wconf 89' lang='lat' dir='ltr'><strong>totum</strong></span> <span class='ocrx_word' id='word_1_319' title='bbox 777 3003 1004 3054; x_wconf 88' lang='lat' dir='ltr'><strong>senatus</strong></span> <span class='ocrx_word' id='word_1_320' title='bbox 1032 2994 1139 3053; x_wconf 86' lang='lat' dir='ltr'><strong>sub</strong></span> <span class='ocrx_word' id='word_1_321' title='bbox 1172 2992 1439 3072; x_wconf 86' lang='lat' dir='ltr'><strong>exemplo</strong></span> <span class='ocrx_word' id='word_1_322' title='bbox 1465 2996 1545 3052; x_wconf 86' lang='lat' dir='ltr'><strong>tui</strong></span> <span class='ocrx_word' id='word_1_323' title='bbox 1580 2992 1763 3070; x_wconf 88' lang='lat' dir='ltr'><strong>sedit,</strong></span> <span class='ocrx_word' id='word_1_324' title='bbox 1804 3011 1932 3052; x_wconf 89' lang='lat' dir='ltr'><strong>eum</strong></span> <span class='ocrx_word' id='word_1_325' title='bbox 1968 2995 2185 3054; x_wconf 90' lang='lat' dir='ltr'><strong>interea</strong></span> <span class='ocrx_word' id='word_1_326' title='bbox 2216 2993 2350 3054; x_wconf 79' lang='lat' dir='ltr'><strong>nihil</strong></span> <span class='ocrx_word' id='word_1_327' title='bbox 2434 2982 2435 3059; x_wconf 52' lang='lat' dir='ltr'><strong>l</strong></span> 
     </span>
     <span class='ocr_line' id='line_1_35' title="bbox 372 3075 2350 3156; baseline 0.002 -24"><span class='ocrx_word' id='word_1_328' title='bbox 372 3083 602 3151; x_wconf 89' lang='lat' dir='ltr'><strong>praeter</strong></span> <span class='ocrx_word' id='word_1_329' title='bbox 640 3076 934 3137; x_wconf 88' lang='lat' dir='ltr'><strong>consulem</strong></span> <span class='ocrx_word' id='word_1_330' title='bbox 960 3076 1195 3154; x_wconf 79' lang='lat' dir='ltr'><strong>ageres!</strong></span> <span class='ocrx_word' id='word_1_331' title='bbox 1250 3076 1621 3154; x_wconf 84' lang='lat' dir='ltr'><strong>Interrogavit</strong></span> <span class='ocrx_word' id='word_1_332' title='bbox 1658 3079 1898 3156; x_wconf 90' lang='lat' dir='ltr'><strong>quisque</strong></span> <span class='ocrx_word' id='word_1_333' title='bbox 1933 3076 2085 3155; x_wconf 90' lang='lat' dir='ltr'><strong>quod</strong></span> <span class='ocrx_word' id='word_1_334' title='bbox 2110 3075 2350 3154; x_wconf 85' lang='lat' dir='ltr'><strong>placuit:</strong></span> 
     </span>
     <span class='ocr_line' id='line_1_36' title="bbox 373 3155 2411 3239; baseline 0.004 -26"><span class='ocrx_word' id='word_1_335' title='bbox 373 3155 694 3234; x_wconf 87' lang='lat' dir='ltr'><strong>dissentire,</strong></span> <span class='ocrx_word' id='word_1_336' title='bbox 724 3160 1044 3238; x_wconf 83' lang='lat' dir='ltr'><strong>discedere,</strong></span> <span class='ocrx_word' id='word_1_337' title='bbox 1078 3169 1137 3221; x_wconf 85' lang='lat' dir='ltr'><strong>et</strong></span> <span class='ocrx_word' id='word_1_338' title='bbox 1167 3162 1389 3239; x_wconf 87' lang='lat' dir='ltr'><strong>copiam</strong></span> <span class='ocrx_word' id='word_1_339' title='bbox 1413 3158 1600 3220; x_wconf 90' lang='lat' dir='ltr'><strong>iudicii</strong></span> <span class='ocrx_word' id='word_1_340' title='bbox 1634 3163 1719 3220; x_wconf 86' lang='lat' dir='ltr'><strong>sui</strong></span> <span class='ocrx_word' id='word_1_341' title='bbox 1745 3163 1830 3220; x_wconf 90' lang='lat' dir='ltr'><strong>rei</strong></span> <span class='ocrx_word' id='word_1_342' title='bbox 1859 3160 2123 3239; x_wconf 88' lang='lat' dir='ltr'><strong>publicae</strong></span> <span class='ocrx_word' id='word_1_343' title='bbox 2151 3160 2411 3221; x_wconf 78' lang='lat' dir='ltr'><strong>facere35</strong></span> 
     </span>
     <span class='ocr_line' id='line_1_37' title="bbox 371 3241 2351 3322; baseline 0.004 -26"><span class='ocrx_word' id='word_1_344' title='bbox 371 3246 562 3298; x_wconf 80' lang='lat' dir='ltr'><strong>tutum</strong></span> <span class='ocrx_word' id='word_1_345' title='bbox 584 3241 728 3316; x_wconf 66' lang='lat' dir='ltr'><strong>ficit:</strong></span> <span class='ocrx_word' id='word_1_346' title='bbox 771 3243 1014 3303; x_wconf 83' lang='lat' dir='ltr'><strong>consulti</strong></span> <span class='ocrx_word' id='word_1_347' title='bbox 1043 3261 1240 3304; x_wconf 88' lang='lat' dir='ltr'><strong>omnes</strong></span> <span class='ocrx_word' id='word_1_348' title='bbox 1269 3254 1440 3322; x_wconf 88' lang='lat' dir='ltr'><strong>atque</strong></span> <span class='ocrx_word' id='word_1_349' title='bbox 1469 3247 1634 3305; x_wconf 90' lang='lat' dir='ltr'><strong>etiam</strong></span> <span class='ocrx_word' id='word_1_350' title='bbox 1667 3243 1991 3304; x_wconf 81' lang='lat' dir='ltr'><strong>dinumerati</strong></span> <span class='ocrx_word' id='word_1_351' title='bbox 2018 3261 2243 3320; x_wconf 87' lang='lat' dir='ltr'><strong>sumus,</strong></span> <span class='ocrx_word' id='word_1_352' title='bbox 2271 3247 2351 3303; x_wconf 81' lang='lat' dir='ltr'><strong>vi·</strong></span> 
     </span>
     <span class='ocr_line' id='line_1_38' title="bbox 374 3323 2344 3406; baseline 0.004 -27"><span class='ocrx_word' id='word_1_353' title='bbox 374 3323 563 3396; x_wconf 90' lang='lat' dir='ltr'><strong>citque</strong></span> <span class='ocrx_word' id='word_1_354' title='bbox 601 3328 880 3384; x_wconf 87' lang='lat' dir='ltr'><strong>sententia</strong></span> <span class='ocrx_word' id='word_1_355' title='bbox 910 3343 1023 3385; x_wconf 89' lang='lat' dir='ltr'><strong>non</strong></span> <span class='ocrx_word' id='word_1_356' title='bbox 1060 3328 1236 3404; x_wconf 88' lang='lat' dir='ltr'><strong>prima</strong></span> <span class='ocrx_word' id='word_1_357' title='bbox 1278 3328 1382 3388; x_wconf 90' lang='lat' dir='ltr'><strong>sed</strong></span> <span class='ocrx_word' id='word_1_358' title='bbox 1422 3327 1641 3388; x_wconf 88' lang='lat' dir='ltr'><strong>melior.</strong></span> <span class='ocrx_word' id='word_1_359' title='bbox 1701 3327 1783 3386; x_wconf 85' lang='lat' dir='ltr'><strong>At</strong></span> <span class='ocrx_word' id='word_1_360' title='bbox 1819 3330 1945 3406; x_wconf 89' lang='lat' dir='ltr'><strong>quis</strong></span> <span class='ocrx_word' id='word_1_361' title='bbox 1972 3337 2136 3388; x_wconf 91' lang='lat' dir='ltr'><strong>antea</strong></span> <span class='ocrx_word' id='word_1_362' title='bbox 2168 3326 2344 3406; x_wconf 90' lang='lat' dir='ltr'><strong>loqui,</strong></span> 
     </span>
     <span class='ocr_line' id='line_1_39' title="bbox 374 3400 2345 3490; baseline 0.006 -31"><span class='ocrx_word' id='word_1_363' title='bbox 374 3403 501 3478; x_wconf 88' lang='lat' dir='ltr'><strong>quis</strong></span> <span class='ocrx_word' id='word_1_364' title='bbox 532 3400 755 3465; x_wconf 89' lang='lat' dir='ltr'><strong>hiscere</strong></span> <span class='ocrx_word' id='word_1_365' title='bbox 784 3406 1023 3467; x_wconf 80' lang='lat' dir='ltr'><strong>audebat</strong></span> <span class='ocrx_word' id='word_1_366' title='bbox 1047 3418 1277 3486; x_wconf 88' lang='lat' dir='ltr'><strong>praeter</strong></span> <span class='ocrx_word' id='word_1_367' title='bbox 1302 3411 1540 3471; x_wconf 87' lang='lat' dir='ltr'><strong>miseros</strong></span> <span class='ocrx_word' id='word_1_368' title='bbox 1561 3411 1693 3471; x_wconf 90' lang='lat' dir='ltr'><strong>illos</strong></span> <span class='ocrx_word' id='word_1_369' title='bbox 1721 3413 1816 3489; x_wconf 85' lang='lat' dir='ltr'><strong>qui</strong></span> <span class='ocrx_word' id='word_1_370' title='bbox 1844 3413 2007 3490; x_wconf 88' lang='lat' dir='ltr'><strong>primi</strong></span> <span class='ocrx_word' id='word_1_371' title='bbox 2034 3414 2345 3489; x_wconf 80' lang='lat' dir='ltr'><strong>interroga·</strong></span> 
     </span>
    </p>
   </div>
   <div class='ocr_carea' id='block_1_3' title="bbox 2438 1685 2446 2159">
    <p class='ocr_par' dir='ltr' id='par_1_3' title="bbox 2438 1685 2446 2159">
     <span class='ocr_line' id='line_1_40' title="bbox 2438 1685 2446 2159; baseline 0 1691"><span class='ocrx_word' id='word_1_372' title='bbox 2438 1685 2446 2159; x_wconf 95' lang='lat' dir='ltr'><strong> </strong></span> 
     </span>
    </p>
   </div>
   <div class='ocr_carea' id='block_1_4' title="bbox 2436 2226 2441 2663">
    <p class='ocr_par' dir='ltr' id='par_1_4' title="bbox 2436 2226 2441 2663">
     <span class='ocr_line' id='line_1_41' title="bbox 2436 2226 2441 2663; baseline 0 1187"><span class='ocrx_word' id='word_1_373' title='bbox 2436 2226 2441 2663; x_wconf 95' lang='lat' dir='ltr'><strong> </strong></span> 
     </span>
    </p>
   </div>
   <div class='ocr_carea' id='block_1_5' title="bbox 2431 3318 2433 3517">
    <p class='ocr_par' dir='ltr' id='par_1_5' title="bbox 2431 3318 2433 3517">
     <span class='ocr_line' id='line_1_42' title="bbox 2431 3318 2433 3517; baseline 0 0"><span class='ocrx_word' id='word_1_374' title='bbox 2431 3318 2433 3517; x_wconf 95' lang='lat' dir='ltr'><strong> </strong></span> 
     </span>
    </p>
   </div>
  </div>
 </body>
</html>
