2467 3850
335 176 375 241 8
1167 173 1234 236 C.
1273 173 1464 236 PLINI

332 347 445 390 non
489 337 786 407 sequatur,
833 325 1047 386 idcirco
1081 327 1233 405 quod
1278 326 1517 405 gloriam
1555 330 1759 389 meruit
1791 330 1972 390 minus
2013 330 2305 409 pulchrum

253 428 317 479 15
332 423 442 475 est.
470 412 528 475 ·1i
551 429 693 472 vero
723 412 820 490 qui
852 409 1147 470 benefacta
1186 429 1289 472 sua
1319 411 1512 472 verbis
1542 413 1815 473 adornant
1841 432 1953 473 non
1979 413 2113 475 ideo
2141 433 2304 494 prae-

332 498 519 558 dicare
560 497 690 575 quia
729 495 1003 571 fecerint,
1051 494 1157 555 sed
1195 505 1259 555 nt
1299 496 1688 573 praedicarent
1731 497 1946 558 fecisse
1981 498 2303 558 creduntur.

331 582 449 659 Sic,
477 579 632 659 quod
655 579 1009 657 magnificum
1037 578 1325 639 referente
1348 579 1461 639 alio
1494 579 1721 658 fuisset,
1758 583 1888 659 ipso
1916 583 2011 659 qui
2042 592 2305 659 gesserat

327 673 666 734 recensente
708 664 977 723 vanescit.
1031 661 1303 723 Homines
1333 666 1510 741 enim,
1552 682 1679 723 cum
1717 682 1838 725 rem
1866 664 2160 726 destruere
2187 674 2350 727 non5

331 758 606 829 possunt,
641 749 997 807 iactationem
1026 748 1149 807 eius
1185 749 1495 807 incessunt.
1555 746 1671 826 Ita,
1715 750 1765 809 si
1809 749 2027 809 silenda
2066 750 2302 827 feceris,
2357 762 2362 767 ·

247 846 315 900 16
330 833 536 893 factum
564 834 770 910 ipsum,
802 833 851 892 si
879 831 1147 891 laudanda
1171 847 1284 890 non
1313 832 1507 907 sileas,
1545 832 1672 910 ipse
1702 831 1970 910 culparis
2033 831 2128 892 Me
2161 851 2303 894 vero

331 916 632 995 peculiaris
670 915 942 993 quaedam
969 913 1185 992 inpedit
1214 917 1380 975 ratio.
1440 915 1661 975 Etenim
1697 915 1845 976 hunc
1872 920 2056 994 ipsum
2086 934 2302 977 sermo-

327 1018 457 1060 nem
484 1017 596 1060 non
639 1000 789 1078 apud
824 997 1096 1077 populum
1139 998 1242 1060 sed
1278 999 1427 1077 apud
1474 999 1813 1061 decuriones
1852 1000 2048 1078 habui,
2093 1019 2203 1060 nec
2244 1003 2301 1060 in

247 1094 313 1150 17
326 1082 626 1165 propatulo
667 1083 773 1144 sed
813 1085 870 1143 in
913 1084 1084 1142 curia.
1143 1081 1364 1142 Vereor
1387 1101 1528 1161 ergo
1568 1094 1632 1144 ut
1663 1086 1737 1144 sit
1777 1086 1914 1145 satis
1952 1101 2294 1161 congruens,
2318 1098 2389 1150 lo

327 1186 454 1229 cum
486 1170 544 1228 in
585 1165 825 1227 dicendo
870 1167 1309 1227 adsentationem
1337 1166 1494 1244 vulgi
1527 1166 2097 1246 adclamationemqne
2139 1167 2298 1227 defu·

323 1254 525 1332 gerim,
555 1269 704 1311 nunc
726 1251 923 1311 eadem
944 1250 1040 1311 illa
1067 1251 1317 1311 editione
1349 1253 1574 1328 sectari,
1607 1269 1848 1330 cumque
1871 1251 2099 1329 plebem
2118 1254 2298 1329 ipsam

325 1339 418 1397 cui
449 1334 852 1397 consulebatur
880 1334 1071 1395 limine
1100 1336 1291 1394 curiae
1322 1335 1743 1413 parietibusque
1773 1334 2171 1412 discreverim,
2224 1353 2298 1395 ne

322 1437 490 1499 quam
510 1422 565 1478 in
590 1421 843 1496 speciem
863 1419 1182 1479 ambitionis
1205 1418 1531 1496 inciderem,
1560 1436 1709 1479 nunc
1731 1436 1836 1479 eos
1869 1421 2034 1480 etiam
2056 1418 2126 1478 ad
2150 1436 2297 1497 quos

324 1523 399 1564 ex
423 1520 656 1562 munere
686 1513 883 1564 nostro
909 1503 1045 1562 nibil
1078 1504 1325 1580 pertinet
1349 1512 1577 1580 praeter
1596 1503 1915 1581 exemplum
1941 1501 2101 1577 velut
2130 1503 2296 1562 obvia
2313 1521 2380 1573 15

244 1596 308 1650 18
323 1588 1091 1673 ostrawa
1131 1584 1319 1646 Habes
1352 1588 1722 1647 cunctationls
1750 1604 1910 1646 meae
1932 1604 2162 1655 causas;
2193 1586 2294 1646 ob-

322 1688 533 1748 sequar
573 1679 754 1730 tamen
795 1669 1053 1731 consilio*
1067 1678 1187 1748 tuo,
1222 1671 1383 1731 cuius
1414 1671 1548 1730 mihi
1588 1672 1894 1731 auctoritas
1934 1686 2038 1748 pro
2071 1673 2293 1730 ratione

320 1754 585 1816 sufficiet.
647 1754 808 1815 Vale.

1222 1887 1403 1949 v1111.

696 1988 750 2043 C.
786 1988 1034 2041 PLINIUS
1065 1987 1327 2041 MINUTIO
1362 1985 1662 2038 FUNDANO
1698 1985 1817 2038 SUO
1854 1988 1906 2041 S.

276 2108 305 2158 1
439 2088 639 2150 Mirum
669 2100 758 2152 est
790 2108 953 2165 quam
983 2090 1220 2166 singulis
1262 2086 1461 2148 diebus
1494 2088 1549 2145 in
1586 2086 1723 2147 urhe
1761 2091 1902 2148 ratio
1942 2097 2037 2149 aut
2066 2098 2293 2150 constet

274 2184 413 2241 2aut
445 2184 700 2236 constare
731 2174 1020 2249 videatur,
1063 2172 1318 2250 pluribus
1353 2179 1663 2248 cunctaque
1701 2189 1813 2231 non
1842 2182 2084 2233 constet.
2129 2172 2294 2244 ‘Nam

319 2261 368 2318 si
400 2276 567 2336 quem
610 2261 929 2335 interroges
960 2256 1164 2315 ‘hodie
1195 2253 1329 2333 quid
1359 2251 1630 2331 egisti‘I',
1670 2257 2015 2334 respondeat
2058 2257 2290 2316 ‘officio

317 2350 486 2419 togae
518 2342 694 2402 virilis
737 2341 995 2417 interfui,
1037 2338 1322 2417 sponsalia
1361 2346 1455 2396 aut
1496 2341 1717 2417 nuptias
1752 2338 2142 2418 frequentavi,
2187 2339 2290 2400 ille
2307 2355 2379 2407 25
2455 2385 2456 2388 η

317 2444 409 2485 me
441 2426 512 2486 ad
549 2424 879 2504 signandum
909 2431 1330 2499 testamentum,
1380 2421 1479 2482 ille
1510 2424 1566 2482 in
1599 2422 2056 2501 advocationem,
2098 2423 2199 2483 ille
2232 2426 2293 2484 in

270 2508 622 2576 aconsilium
649 2510 913 2585 rogavit?
955 2506 1110 2565 Haec
1152 2524 1267 2584 quo
1298 2506 1390 2565 die
1433 2506 1642 2567 feceris
1683 2509 2028 2584 necessaria,
2065 2507 2289 2585 eadem,

319 2596 370 2656 si
401 2595 609 2654 cotidie
630 2592 839 2652 fecisse
868 2600 926 2650 te
953 2598 1208 2668 reputes,
1245 2592 1424 2650 inania
1444 2589 1721 2666 videntur,
1753 2591 1930 2651 multo
1951 2593 2129 2669 magis
2159 2609 2293 2650 cum

315 2677 654 2754 secesseris.
697 2673 852 2734 Tunc
883 2676 1029 2733 enim
1058 2674 1207 2735 subit
1229 2673 1548 2735 recordatio
1580 2681 1742 2752 ‘quot
1773 2674 1897 2735 dies
1931 2692 2094 2752 quam
2127 2674 2288 2752 frigi·
2455 2733 2456 2744 ,

269 2760 407 2828 4dis
439 2760 612 2820 rebus
642 2757 991 2834 absumpsi!'
1028 2757 1195 2831 Quod
1222 2760 1412 2819 evenit
1439 2758 1604 2835 mihi,
1635 2767 1932 2837 postquam
1963 2762 2018 2818 in
2041 2758 2378 2821 Lauren-30
2455 2767 2456 2792 ⁴

315 2848 434 2905 tino
462 2860 589 2902 meo
620 2852 718 2901 aut
759 2840 893 2918 lego
933 2840 1141 2920 aliquid
1177 2852 1273 2903 aut
1311 2843 1501 2904 scribo
1534 2852 1629 2902 aut
1657 2845 1824 2902 etiam
1860 2844 2088 2920 corpori
2114 2860 2287 2920 vaco,

269 2931 481 2994 scuius
526 2926 748 2985 fulturis
788 2927 998 2985 animus
1044 2930 1367 2987 sustinetur.
1426 2925 1580 2986 Nihil
1622 2927 1790 2987 audio
1830 2927 1983 3005 quod
2029 2925 2287 3003 audisse,

313 3011 451 3071 nihil
491 3008 619 3069 dico
653 3008 805 3087 quod
844 3007 1051 3070 dixisse
1085 3013 1395 3089 paeniteat:
1437 3027 1603 3070 nemo
1642 3010 1791 3088 apud
1829 3027 1919 3071 me
1948 3027 2290 3089 quemquam

314 3096 560 3156 sinistris
601 3093 954 3154 sermonibus
987 3097 1197 3173 carpit,
1242 3096 1518 3154 neminem
1562 3096 1691 3171 ipse
1734 3092 2125 3172 reprehendo,
2168 3095 2285 3153 nisi
2455 3151 2456 3174 3

314 3187 497 3238 tamen
517 3195 630 3254 me,
656 3195 781 3237 cum
805 3195 997 3256 parum
1020 3179 1313 3239 commode
1333 3177 1554 3247 scribo;
1584 3176 1736 3237 nulla
1753 3196 1882 3256 spe,
1901 3177 2058 3237 nullo
2074 3179 2284 3237 timore
2300 3186 2373 3240 35
2455 3189 2456 3262 i

313 3260 615 3338 sollicitor,
647 3260 816 3323 nullis
842 3263 1158 3322 rumoribus
1192 3263 1506 3340 inquietor:
1550 3278 1770 3321 mecum
1807 3271 2015 3321 tantum
2052 3270 2111 3320 et
2152 3278 2284 3319 cum
2455 3275 2456 3354 Q

267 3342 528 3406 61ibellis
559 3345 780 3425 loquor.
858 3346 905 3407 Ο
933 3355 1146 3407 rectam
1174 3348 1564 3422 sinceramque
1593 3347 1797 3422 vitam,
1841 3363 1875 3404 o
1906 3343 2072 3404 dulce
2104 3345 2284 3403 otium
2431 3349 2436 3352 ⁴

311 3427 721 3510 honestumque
743 3448 810 3490 ac
838 3448 1019 3509 paene
1048 3432 1195 3489 omni
1220 3430 1452 3505 negotio
1481 3428 1801 3509 pulchrius!
1849 3428 1896 3487 Ο
1924 3446 2109 3507 mare,
2144 3444 2179 3485 o
2210 3427 2283 3486 li-

2309 1933 2382 1987 20
