<?xml version="1.0" encoding="UTF-8"?>
<!DOCTYPE html PUBLIC "-//W3C//DTD XHTML 1.0 Transitional//EN"
    "http://www.w3.org/TR/xhtml1/DTD/xhtml1-transitional.dtd">
<html xmlns="http://www.w3.org/1999/xhtml" xml:lang="en" lang="en">
 <head>
  <title>
</title>
<meta http-equiv="Content-Type" content="text/html;charset=utf-8" />
  <meta name='ocr-system' content='tesseract 3.04.00' />
  <meta name='ocr-capabilities' content='ocr_page ocr_carea ocr_par ocr_line ocrx_word'/>
</head>
<body>
  <div class='ocr_page' id='page_1' title='image "./cplinicaecilise00unkngoog_0262.png"; bbox 0 0 2467 3850; ppageno 0'>
   <div class='ocr_carea' id='block_1_1' title="bbox 319 0 2459 225">
    <p class='ocr_par' dir='ltr' id='par_1_1' title="bbox 319 0 2459 225">
     <span class='ocr_line' id='line_1_1' title="bbox 319 0 2459 225; baseline -0.005 0"><span class='ocrx_word' id='word_1_1' title='bbox 319 158 447 225; x_wconf 62' lang='lat' dir='ltr'><strong><em>m</em></strong></span> <span class='ocrx_word' id='word_1_2' title='bbox 913 158 975 223; x_wconf 86' lang='lat' dir='ltr'><strong>G.</strong></span> <span class='ocrx_word' id='word_1_3' title='bbox 1021 156 1214 218; x_wconf 86' lang='lat' dir='ltr'><strong>PLINI</strong></span> <span class='ocrx_word' id='word_1_4' title='bbox 1254 156 1352 217; x_wconf 87' lang='lat' dir='ltr'><strong>ET</strong></span> <span class='ocrx_word' id='word_1_5' title='bbox 1393 154 1705 218; x_wconf 69' lang='lat' dir='ltr'><strong>&#39;riuum</strong></span> <span class='ocrx_word' id='word_1_6' title='bbox 2453 0 2459 187; x_wconf 52' lang='grc' dir='ltr'><strong><em>ι</em></strong></span> 
     </span>
    </p>
   </div>
   <div class='ocr_carea' id='block_1_2' title="bbox 318 232 2459 559">
    <p class='ocr_par' dir='ltr' id='par_1_2' title="bbox 318 232 2459 559">
     <span class='ocr_line' id='line_1_2' title="bbox 318 232 2459 525; baseline -0.001 -152"><span class='ocrx_word' id='word_1_7' title='bbox 318 313 434 374; x_wconf 88' lang='lat' dir='ltr'><strong>tiae</strong></span> <span class='ocrx_word' id='word_1_8' title='bbox 461 321 592 371; x_wconf 84' lang='lat' dir='ltr'><strong>tuae</strong></span> <span class='ocrx_word' id='word_1_9' title='bbox 614 302 848 388; x_wconf 87' lang='lat' dir='ltr'><strong>legibus</strong></span> <span class='ocrx_word' id='word_1_10' title='bbox 889 310 1006 372; x_wconf 89' lang='lat' dir='ltr'><strong>suis</strong></span> <span class='ocrx_word' id='word_1_11' title='bbox 1043 312 1232 372; x_wconf 85' lang='lat' dir='ltr'><strong>utitur.</strong></span> <span class='ocrx_word' id='word_1_12' title='bbox 1291 307 1356 369; x_wconf 89' lang='lat' dir='ltr'><strong>In</strong></span> <span class='ocrx_word' id='word_1_13' title='bbox 1393 310 1499 372; x_wconf 87' lang='lat' dir='ltr'><strong>hac</strong></span> <span class='ocrx_word' id='word_1_14' title='bbox 1546 311 1731 372; x_wconf 90' lang='lat' dir='ltr'><strong>datum</strong></span> <span class='ocrx_word' id='word_1_15' title='bbox 1767 310 1902 372; x_wconf 83' lang='lat' dir='ltr'><strong>mihi</strong></span> <span class='ocrx_word' id='word_1_16' title='bbox 1935 308 2191 370; x_wconf 89' lang='lat' dir='ltr'><strong>libellum</strong></span> <span class='ocrx_word' id='word_1_17' title='bbox 2229 310 2304 371; x_wconf 88' lang='lat' dir='ltr'><strong>ad</strong></span> <span class='ocrx_word' id='word_1_18' title='bbox 2449 232 2459 525; x_wconf 42' lang='lat' dir='ltr'>J</span> 
     </span>
     <span class='ocr_line' id='line_1_3' title="bbox 321 393 2302 473; baseline -0.001 -16"><span class='ocrx_word' id='word_1_19' title='bbox 321 411 522 457; x_wconf 88' lang='lat' dir='ltr'><strong>eranos</strong></span> <span class='ocrx_word' id='word_1_20' title='bbox 541 395 919 473; x_wconf 76' lang='lat' dir='ltr'>pertinentem</span> <span class='ocrx_word' id='word_1_21' title='bbox 937 393 1025 455; x_wconf 89' lang='lat' dir='ltr'><strong>his</strong></span> <span class='ocrx_word' id='word_1_22' title='bbox 1042 393 1247 455; x_wconf 88' lang='lat' dir='ltr'><strong>litteris</strong></span> <span class='ocrx_word' id='word_1_23' title='bbox 1264 393 1506 472; x_wconf 88' lang='lat' dir='ltr'><strong>subieci,</strong></span> <span class='ocrx_word' id='word_1_24' title='bbox 1530 404 1591 455; x_wconf 90' lang='lat' dir='ltr'><strong>ut</strong></span> <span class='ocrx_word' id='word_1_25' title='bbox 1606 404 1689 473; x_wconf 88' lang='lat' dir='ltr'><strong>tu,</strong></span> <span class='ocrx_word' id='word_1_26' title='bbox 1711 395 1957 471; x_wconf 90' lang='lat' dir='ltr'><strong>domine,</strong></span> <span class='ocrx_word' id='word_1_27' title='bbox 1982 394 2302 473; x_wconf 75' lang='lat' dir='ltr'><strong>dispiceres</strong></span> 
     </span>
     <span class='ocr_line' id='line_1_4' title="bbox 321 477 2298 559; baseline 0.001 -21"><span class='ocrx_word' id='word_1_28' title='bbox 321 477 455 557; x_wconf 82' lang='lat' dir='ltr'><strong>qnid</strong></span> <span class='ocrx_word' id='word_1_29' title='bbox 487 488 547 539; x_wconf 90' lang='lat' dir='ltr'><strong>et</strong></span> <span class='ocrx_word' id='word_1_30' title='bbox 579 487 852 559; x_wconf 81' lang='lat' dir='ltr'><strong>quatenus</strong></span> <span class='ocrx_word' id='word_1_31' title='bbox 883 488 978 539; x_wconf 88' lang='lat' dir='ltr'><strong>ant</strong></span> <span class='ocrx_word' id='word_1_32' title='bbox 1006 477 1439 558; x_wconf 83' lang='lat' dir='ltr'><strong>permittendum</strong></span> <span class='ocrx_word' id='word_1_33' title='bbox 1474 487 1570 538; x_wconf 86' lang='lat' dir='ltr'><strong>aut</strong></span> <span class='ocrx_word' id='word_1_34' title='bbox 1609 478 2018 557; x_wconf 84' lang='lat' dir='ltr'><strong>prohibendum</strong></span> <span class='ocrx_word' id='word_1_35' title='bbox 2047 488 2298 557; x_wconf 88' lang='lat' dir='ltr'><strong>putares.</strong></span> 
     </span>
    </p>
   </div>
   <div class='ocr_carea' id='block_1_3' title="bbox 986 608 1639 766">
    <p class='ocr_par' dir='ltr' id='par_1_3' title="bbox 986 608 1639 766">
     <span class='ocr_line' id='line_1_5' title="bbox 1043 608 1564 691; baseline -0.006 -18"><span class='ocrx_word' id='word_1_36' title='bbox 1043 609 1247 673; x_wconf 86' lang='lat' dir='ltr'><strong>xcm.</strong></span> <span class='ocrx_word' id='word_1_37' title='bbox 1284 608 1564 691; x_wconf 66' lang='lat' dir='ltr'><strong>[xcmn</strong></span> 
     </span>
     <span class='ocr_line' id='line_1_6' title="bbox 986 709 1639 766; baseline 0.008 -6"><span class='ocrx_word' id='word_1_38' title='bbox 986 709 1312 761; x_wconf 83' lang='lat' dir='ltr'><strong>TRAIANUS</strong></span> <span class='ocrx_word' id='word_1_39' title='bbox 1343 709 1551 762; x_wconf 86' lang='lat' dir='ltr'>PLINIO</span> <span class='ocrx_word' id='word_1_40' title='bbox 1584 710 1639 766; x_wconf 88' lang='lat' dir='ltr'><strong>S.</strong></span> 
     </span>
    </p>
   </div>
   <div class='ocr_carea' id='block_1_4' title="bbox 323 810 2460 1226">
    <p class='ocr_par' dir='ltr' id='par_1_4' title="bbox 323 810 2460 1226">
     <span class='ocr_line' id='line_1_7' title="bbox 443 810 2300 891; baseline -0.001 -18"><span class='ocrx_word' id='word_1_41' title='bbox 443 812 768 889; x_wconf 76' lang='lat' dir='ltr'><strong>Amisenos,</strong></span> <span class='ocrx_word' id='word_1_42' title='bbox 796 828 1032 891; x_wconf 87' lang='lat' dir='ltr'><strong>quorum</strong></span> <span class='ocrx_word' id='word_1_43' title='bbox 1055 810 1311 872; x_wconf 88' lang='lat' dir='ltr'><strong>libellum</strong></span> <span class='ocrx_word' id='word_1_44' title='bbox 1336 811 1616 891; x_wconf 78' lang='lat' dir='ltr'><strong>epistulae</strong></span> <span class='ocrx_word' id='word_1_45' title='bbox 1644 820 1775 873; x_wconf 87' lang='lat' dir='ltr'><strong>tuae</strong></span> <span class='ocrx_word' id='word_1_46' title='bbox 1809 813 2105 889; x_wconf 85' lang='lat' dir='ltr'><strong>iunxeras,</strong></span> <span class='ocrx_word' id='word_1_47' title='bbox 2138 812 2188 872; x_wconf 91' lang='lat' dir='ltr'><strong>si</strong></span> <span class='ocrx_word' id='word_1_48' title='bbox 2216 810 2300 872; x_wconf 89' lang='lat' dir='ltr'><strong>le-</strong></span> 
     </span>
     <span class='ocr_line' id='line_1_8' title="bbox 325 895 2304 974; baseline 0.001 -19"><span class='ocrx_word' id='word_1_49' title='bbox 325 895 492 974; x_wconf 89' lang='lat' dir='ltr'><strong>gibus</strong></span> <span class='ocrx_word' id='word_1_50' title='bbox 522 898 787 973; x_wconf 90' lang='lat' dir='ltr'><strong>istorum,</strong></span> <span class='ocrx_word' id='word_1_51' title='bbox 831 895 1033 973; x_wconf 87' lang='lat' dir='ltr'><strong>quibus</strong></span> <span class='ocrx_word' id='word_1_52' title='bbox 1075 895 1147 955; x_wconf 89' lang='lat' dir='ltr'><strong>de</strong></span> <span class='ocrx_word' id='word_1_53' title='bbox 1178 895 1370 956; x_wconf 84' lang='lat' dir='ltr'><strong>officio</strong></span> <span class='ocrx_word' id='word_1_54' title='bbox 1397 895 1650 958; x_wconf 85' lang='lat' dir='ltr'><strong>foederis</strong></span> <span class='ocrx_word' id='word_1_55' title='bbox 1684 906 1932 973; x_wconf 89' lang='lat' dir='ltr'><strong>utuntur,</strong></span> <span class='ocrx_word' id='word_1_56' title='bbox 1963 912 2304 956; x_wconf 77' lang='lat' dir='ltr'><strong>concessum</strong></span> 
     </span>
     <span class='ocr_line' id='line_1_9' title="bbox 324 977 2460 1059; baseline -0.001 -18"><span class='ocrx_word' id='word_1_57' title='bbox 324 989 416 1041; x_wconf 87' lang='lat' dir='ltr'><strong>est</strong></span> <span class='ocrx_word' id='word_1_58' title='bbox 458 997 683 1041; x_wconf 90' lang='lat' dir='ltr'><strong>eranum</strong></span> <span class='ocrx_word' id='word_1_59' title='bbox 710 977 920 1040; x_wconf 87' lang='lat' dir='ltr'><strong>habere</strong></span> <span class='ocrx_word' id='word_1_60' title='bbox 938 1024 957 1057; x_wconf 90' lang='lat'><strong>,</strong></span> <span class='ocrx_word' id='word_1_61' title='bbox 998 996 1302 1056; x_wconf 87' lang='lat' dir='ltr'><strong>possumus</strong></span> <span class='ocrx_word' id='word_1_62' title='bbox 1342 996 1455 1059; x_wconf 89' lang='lat' dir='ltr'><strong>quo</strong></span> <span class='ocrx_word' id='word_1_63' title='bbox 1496 982 1675 1040; x_wconf 87' lang='lat' dir='ltr'><strong>minus</strong></span> <span class='ocrx_word' id='word_1_64' title='bbox 1713 980 1954 1041; x_wconf 76' lang='lat' dir='ltr'><strong>habeant</strong></span> <span class='ocrx_word' id='word_1_65' title='bbox 1989 997 2102 1039; x_wconf 91' lang='lat' dir='ltr'><strong>non</strong></span> <span class='ocrx_word' id='word_1_66' title='bbox 2142 980 2303 1057; x_wconf 87' lang='lat' dir='ltr'><strong>inpe-</strong></span> <span class='ocrx_word' id='word_1_67' title='bbox 2459 1044 2460 1051; x_wconf 9' lang='grc' dir='ltr'>χ</span> 
     </span>
     <span class='ocr_line' id='line_1_10' title="bbox 323 1061 2460 1141; baseline 0.001 -18"><span class='ocrx_word' id='word_1_68' title='bbox 323 1061 465 1140; x_wconf 92' lang='lat' dir='ltr'><strong>dire,</strong></span> <span class='ocrx_word' id='word_1_69' title='bbox 498 1080 570 1124; x_wconf 89' lang='lat' dir='ltr'><strong>eo</strong></span> <span class='ocrx_word' id='word_1_70' title='bbox 598 1062 840 1141; x_wconf 85' lang='lat' dir='ltr'><strong>facilius,</strong></span> <span class='ocrx_word' id='word_1_71' title='bbox 872 1065 920 1123; x_wconf 90' lang='lat' dir='ltr'><strong>si</strong></span> <span class='ocrx_word' id='word_1_72' title='bbox 948 1061 1043 1123; x_wconf 91' lang='lat' dir='ltr'><strong>tali</strong></span> <span class='ocrx_word' id='word_1_73' title='bbox 1076 1062 1394 1123; x_wconf 89' lang='lat' dir='ltr'><strong>conlatione</strong></span> <span class='ocrx_word' id='word_1_74' title='bbox 1421 1080 1532 1123; x_wconf 93' lang='lat' dir='ltr'><strong>non</strong></span> <span class='ocrx_word' id='word_1_75' title='bbox 1561 1062 1629 1124; x_wconf 88' lang='lat' dir='ltr'><strong>ad</strong></span> <span class='ocrx_word' id='word_1_76' title='bbox 1653 1063 1845 1124; x_wconf 81' lang='lat' dir='ltr'><strong>turbas</strong></span> <span class='ocrx_word' id='word_1_77' title='bbox 1873 1071 1931 1123; x_wconf 90' lang='lat' dir='ltr'><strong>et</strong></span> <span class='ocrx_word' id='word_1_78' title='bbox 1959 1061 2027 1123; x_wconf 92' lang='lat' dir='ltr'><strong>ad</strong></span> <span class='ocrx_word' id='word_1_79' title='bbox 2053 1061 2301 1124; x_wconf 89' lang='lat' dir='ltr'><strong>inlicitos</strong></span> <span class='ocrx_word' id='word_1_80' title='bbox 2316 1076 2381 1129; x_wconf 86' lang='lat' dir='ltr'><strong>lo</strong></span> <span class='ocrx_word' id='word_1_81' title='bbox 2459 1088 2460 1125; x_wconf 74' lang='lat'>1</span> 
     </span>
     <span class='ocr_line' id='line_1_11' title="bbox 324 1143 2460 1226; baseline 0.001 -20"><span class='ocrx_word' id='word_1_82' title='bbox 324 1156 525 1208; x_wconf 92' lang='lat' dir='ltr'><strong>coetus</strong></span> <span class='ocrx_word' id='word_1_83' title='bbox 553 1146 656 1206; x_wconf 89' lang='lat' dir='ltr'><strong>sed</strong></span> <span class='ocrx_word' id='word_1_84' title='bbox 681 1146 752 1206; x_wconf 88' lang='lat' dir='ltr'><strong>ad</strong></span> <span class='ocrx_word' id='word_1_85' title='bbox 778 1146 1155 1208; x_wconf 89' lang='lat' dir='ltr'><strong>sustinendam</strong></span> <span class='ocrx_word' id='word_1_86' title='bbox 1180 1149 1498 1206; x_wconf 87' lang='lat' dir='ltr'><strong>tenuiorum</strong></span> <span class='ocrx_word' id='word_1_87' title='bbox 1524 1147 1770 1226; x_wconf 90' lang='lat' dir='ltr'><strong>inopiam</strong></span> <span class='ocrx_word' id='word_1_88' title='bbox 1808 1155 2049 1208; x_wconf 88' lang='lat' dir='ltr'><strong>utuntur.</strong></span> <span class='ocrx_word' id='word_1_89' title='bbox 2112 1143 2177 1204; x_wconf 92' lang='lat' dir='ltr'><strong>In</strong></span> <span class='ocrx_word' id='word_1_90' title='bbox 2206 1165 2303 1208; x_wconf 91' lang='lat' dir='ltr'><strong>ce·</strong></span> <span class='ocrx_word' id='word_1_91' title='bbox 2459 1156 2460 1165; x_wconf 77' lang='grc'>’</span> 
     </span>
    </p>
   </div>
   <div class='ocr_carea' id='block_1_5' title="bbox 318 1229 2300 1393">
    <p class='ocr_par' dir='ltr' id='par_1_5' title="bbox 318 1229 2300 1393">
     <span class='ocr_line' id='line_1_12' title="bbox 323 1229 2300 1309; baseline 0.001 -18"><span class='ocrx_word' id='word_1_92' title='bbox 323 1232 462 1291; x_wconf 87' lang='lat' dir='ltr'><strong>teris</strong></span> <span class='ocrx_word' id='word_1_93' title='bbox 492 1229 810 1291; x_wconf 87' lang='lat' dir='ltr'><strong>civitatibus</strong></span> <span class='ocrx_word' id='word_1_94' title='bbox 827 1275 846 1307; x_wconf 90' lang='lat'><strong>,</strong></span> <span class='ocrx_word' id='word_1_95' title='bbox 888 1247 1031 1308; x_wconf 86' lang='lat' dir='ltr'><strong>quae</strong></span> <span class='ocrx_word' id='word_1_96' title='bbox 1060 1239 1257 1291; x_wconf 90' lang='lat' dir='ltr'><strong>nostro</strong></span> <span class='ocrx_word' id='word_1_97' title='bbox 1295 1233 1418 1291; x_wconf 90' lang='lat' dir='ltr'><strong>iure</strong></span> <span class='ocrx_word' id='word_1_98' title='bbox 1447 1231 1754 1292; x_wconf 76' lang='lat' dir='ltr'><strong>obstrictae</strong></span> <span class='ocrx_word' id='word_1_99' title='bbox 1781 1240 1941 1309; x_wconf 89' lang='lat' dir='ltr'><strong>sunt,</strong></span> <span class='ocrx_word' id='word_1_100' title='bbox 1983 1248 2079 1293; x_wconf 80' lang='lat' dir='ltr'><strong>res</strong></span> <span class='ocrx_word' id='word_1_101' title='bbox 2109 1229 2300 1293; x_wconf 87' lang='lat' dir='ltr'><strong>huius·</strong></span> 
     </span>
     <span class='ocr_line' id='line_1_13' title="bbox 318 1311 977 1393; baseline 0 -20"><span class='ocrx_word' id='word_1_102' title='bbox 318 1313 469 1375; x_wconf 90' lang='lat' dir='ltr'><strong>modi</strong></span> <span class='ocrx_word' id='word_1_103' title='bbox 496 1311 841 1393; x_wconf 83' lang='lat' dir='ltr'><strong>prohibenda</strong></span> <span class='ocrx_word' id='word_1_104' title='bbox 869 1323 977 1375; x_wconf 88' lang='lat' dir='ltr'><strong>est.</strong></span> 
     </span>
    </p>
   </div>
   <div class='ocr_carea' id='block_1_6' title="bbox 2314 622 2458 710">
    <p class='ocr_par' dir='ltr' id='par_1_6' title="bbox 2314 622 2458 710">
     <span class='ocr_line' id='line_1_14' title="bbox 2314 622 2458 710; baseline 0 -45"><span class='ocrx_word' id='word_1_105' title='bbox 2314 659 2349 710; x_wconf 68' lang='lat'>⁵</span> <span class='ocrx_word' id='word_1_106' title='bbox 2457 622 2458 665; x_wconf 65' lang='grc' dir='ltr'>ἰ</span> 
     </span>
    </p>
   </div>
   <div class='ocr_carea' id='block_1_7' title="bbox 761 1444 2460 1601">
    <p class='ocr_par' dir='ltr' id='par_1_7' title="bbox 761 1444 2460 1601">
     <span class='ocr_line' id='line_1_15' title="bbox 1062 1444 2460 1543; baseline 0.002 -35"><span class='ocrx_word' id='word_1_107' title='bbox 1062 1444 1298 1509; x_wconf 79' lang='lat' dir='ltr'><strong>xclm.</strong></span> <span class='ocrx_word' id='word_1_108' title='bbox 1341 1446 1558 1528; x_wconf 83' lang='lat' dir='ltr'><strong>[xcv.]</strong></span> <span class='ocrx_word' id='word_1_109' title='bbox 2061 1540 2066 1543; x_wconf 10' lang='grc' dir='ltr'>Ἦ</span> <span class='ocrx_word' id='word_1_110' title='bbox 2317 1490 2380 1543; x_wconf 69' lang='lat'><strong>15</strong></span> <span class='ocrx_word' id='word_1_111' title='bbox 2459 1484 2460 1487; x_wconf 16' lang='grc' dir='ltr'><strong><em>κ</em></strong></span> 
     </span>
     <span class='ocr_line' id='line_1_16' title="bbox 761 1545 1859 1601; baseline 0.001 -4"><span class='ocrx_word' id='word_1_112' title='bbox 761 1545 814 1601; x_wconf 81' lang='lat' dir='ltr'><strong>G.</strong></span> <span class='ocrx_word' id='word_1_113' title='bbox 850 1545 1095 1598; x_wconf 81' lang='lat' dir='ltr'>PLINIUS</span> <span class='ocrx_word' id='word_1_114' title='bbox 1131 1547 1419 1601; x_wconf 83' lang='lat' dir='ltr'>TRAIANO</span> <span class='ocrx_word' id='word_1_115' title='bbox 1449 1546 1859 1599; x_wconf 77' lang='lat' dir='ltr'><strong>IMPERATORI.</strong></span> 
     </span>
    </p>
   </div>
   <div class='ocr_carea' id='block_1_8' title="bbox 270 1646 2463 2567">
    <p class='ocr_par' dir='ltr' id='par_1_8' title="bbox 272 1646 2300 1897">
     <span class='ocr_line' id='line_1_17' title="bbox 272 1646 2300 1728; baseline 0.001 -23"><span class='ocrx_word' id='word_1_116' title='bbox 272 1660 303 1713; x_wconf 86' lang='lat'>1</span> <span class='ocrx_word' id='word_1_117' title='bbox 448 1646 774 1708; x_wconf 84' lang='lat' dir='ltr'><strong>Suetonium</strong></span> <span class='ocrx_word' id='word_1_118' title='bbox 800 1646 1179 1728; x_wconf 83' lang='lat' dir='ltr'><strong>Tranquillum</strong></span> <span class='ocrx_word' id='word_1_119' title='bbox 1195 1695 1214 1727; x_wconf 91' lang='lat'><strong>,</strong></span> <span class='ocrx_word' id='word_1_120' title='bbox 1255 1649 1653 1728; x_wconf 81' lang='lat' dir='ltr'><strong>probissimum</strong></span> <span class='ocrx_word' id='word_1_121' title='bbox 1688 1647 2146 1711; x_wconf 86' lang='lat' dir='ltr'><strong>honestissimum</strong></span> <span class='ocrx_word' id='word_1_122' title='bbox 2174 1666 2300 1708; x_wconf 89' lang='lat' dir='ltr'><strong>eru-</strong></span> 
     </span>
     <span class='ocr_line' id='line_1_18' title="bbox 323 1728 2297 1812; baseline 0 -22"><span class='ocrx_word' id='word_1_123' title='bbox 323 1728 649 1792; x_wconf 89' lang='lat' dir='ltr'><strong>ditissimum</strong></span> <span class='ocrx_word' id='word_1_124' title='bbox 676 1734 886 1809; x_wconf 81' lang='lat' dir='ltr'><strong>virum,</strong></span> <span class='ocrx_word' id='word_1_125' title='bbox 919 1742 976 1793; x_wconf 89' lang='lat' dir='ltr'><strong>et</strong></span> <span class='ocrx_word' id='word_1_126' title='bbox 1002 1749 1189 1793; x_wconf 87' lang='lat' dir='ltr'><strong>mores</strong></span> <span class='ocrx_word' id='word_1_127' title='bbox 1217 1735 1341 1793; x_wconf 85' lang='lat' dir='ltr'><strong>eius</strong></span> <span class='ocrx_word' id='word_1_128' title='bbox 1368 1744 1600 1796; x_wconf 89' lang='lat' dir='ltr'><strong>secutus</strong></span> <span class='ocrx_word' id='word_1_129' title='bbox 1631 1742 1690 1794; x_wconf 88' lang='lat' dir='ltr'><strong>et</strong></span> <span class='ocrx_word' id='word_1_130' title='bbox 1717 1733 1899 1795; x_wconf 88' lang='lat' dir='ltr'><strong>studia</strong></span> <span class='ocrx_word' id='word_1_131' title='bbox 1926 1736 2034 1794; x_wconf 90' lang='lat' dir='ltr'><strong>iam</strong></span> <span class='ocrx_word' id='word_1_132' title='bbox 2060 1731 2297 1812; x_wconf 87' lang='lat' dir='ltr'><strong>pridem,</strong></span> 
     </span>
     <span class='ocr_line' id='line_1_19' title="bbox 322 1814 2297 1897; baseline -0.001 -21"><span class='ocrx_word' id='word_1_133' title='bbox 322 1814 579 1893; x_wconf 91' lang='lat' dir='ltr'><strong>domine,</strong></span> <span class='ocrx_word' id='word_1_134' title='bbox 633 1816 690 1875; x_wconf 92' lang='lat' dir='ltr'><strong>in</strong></span> <span class='ocrx_word' id='word_1_135' title='bbox 732 1815 1156 1877; x_wconf 88' lang='lat' dir='ltr'><strong>contubernium</strong></span> <span class='ocrx_word' id='word_1_136' title='bbox 1198 1817 1483 1897; x_wconf 83' lang='lat' dir='ltr'><strong>adsumpsi</strong></span> <span class='ocrx_word' id='word_1_137' title='bbox 1527 1827 1796 1897; x_wconf 85' lang='lat' dir='ltr'><strong>tantoque</strong></span> <span class='ocrx_word' id='word_1_138' title='bbox 1841 1818 2017 1895; x_wconf 85' lang='lat' dir='ltr'><strong>magis</strong></span> <span class='ocrx_word' id='word_1_139' title='bbox 2060 1816 2297 1896; x_wconf 82' lang='lat' dir='ltr'><strong>diligere</strong></span> 
     </span>
    </p>

    <p class='ocr_par' dir='ltr' id='par_1_9' title="bbox 270 1899 2463 2233">
     <span class='ocr_line' id='line_1_20' title="bbox 270 1899 2463 2000; baseline -0.001 -37"><span class='ocrx_word' id='word_1_140' title='bbox 270 1909 307 1963; x_wconf 76' lang='lat'><em>2</em></span> <span class='ocrx_word' id='word_1_141' title='bbox 325 1901 513 1980; x_wconf 88' lang='lat' dir='ltr'><strong>coepi,</strong></span> <span class='ocrx_word' id='word_1_142' title='bbox 546 1909 751 1978; x_wconf 88' lang='lat' dir='ltr'><strong>quanto</strong></span> <span class='ocrx_word' id='word_1_143' title='bbox 783 1899 933 1963; x_wconf 90' lang='lat' dir='ltr'><strong>hunc</strong></span> <span class='ocrx_word' id='word_1_144' title='bbox 961 1902 1197 1980; x_wconf 88' lang='lat' dir='ltr'><strong>propius</strong></span> <span class='ocrx_word' id='word_1_145' title='bbox 1227 1902 1469 1981; x_wconf 86' lang='lat' dir='ltr'><strong>inspexi.</strong></span> <span class='ocrx_word' id='word_1_146' title='bbox 1514 1901 1659 1962; x_wconf 83' lang='lat' dir='ltr'><strong>Huic</strong></span> <span class='ocrx_word' id='word_1_147' title='bbox 1687 1904 1774 1963; x_wconf 88' lang='lat' dir='ltr'><strong>ius</strong></span> <span class='ocrx_word' id='word_1_148' title='bbox 1803 1903 1967 1963; x_wconf 83' lang='lat' dir='ltr'><strong>trium</strong></span> <span class='ocrx_word' id='word_1_149' title='bbox 1995 1901 2383 1962; x_wconf 77' lang='lat' dir='ltr'><strong>liberorum2o</strong></span> <span class='ocrx_word' id='word_1_150' title='bbox 2457 1904 2463 2000; x_wconf 49' lang='grc' dir='ltr'><strong>ι</strong></span> 
     </span>
     <span class='ocr_line' id='line_1_21' title="bbox 319 1983 2299 2062; baseline 0 -19"><span class='ocrx_word' id='word_1_151' title='bbox 319 1985 702 2045; x_wconf 87' lang='lat' dir='ltr'><strong>necessarium</strong></span> <span class='ocrx_word' id='word_1_152' title='bbox 729 1983 937 2046; x_wconf 84' lang='lat' dir='ltr'><strong>faciunt</strong></span> <span class='ocrx_word' id='word_1_153' title='bbox 959 1985 1100 2046; x_wconf 87' lang='lat' dir='ltr'><strong>duae</strong></span> <span class='ocrx_word' id='word_1_154' title='bbox 1130 2002 1366 2046; x_wconf 88' lang='lat' dir='ltr'><strong>causae:</strong></span> <span class='ocrx_word' id='word_1_155' title='bbox 1398 2004 1526 2046; x_wconf 93' lang='lat' dir='ltr'><strong>nam</strong></span> <span class='ocrx_word' id='word_1_156' title='bbox 1546 1996 1605 2048; x_wconf 89' lang='lat' dir='ltr'><strong>et</strong></span> <span class='ocrx_word' id='word_1_157' title='bbox 1625 1986 1827 2047; x_wconf 87' lang='lat' dir='ltr'><strong>iudicia</strong></span> <span class='ocrx_word' id='word_1_158' title='bbox 1844 1988 2146 2048; x_wconf 88' lang='lat' dir='ltr'><strong>amicorum</strong></span> <span class='ocrx_word' id='word_1_159' title='bbox 2169 2001 2299 2062; x_wconf 89' lang='lat' dir='ltr'><strong>pro-</strong></span> 
     </span>
     <span class='ocr_line' id='line_1_22' title="bbox 321 2067 2299 2150; baseline 0 -23"><span class='ocrx_word' id='word_1_160' title='bbox 321 2078 567 2129; x_wconf 87' lang='lat' dir='ltr'><strong>meretur</strong></span> <span class='ocrx_word' id='word_1_161' title='bbox 595 2078 654 2129; x_wconf 87' lang='lat' dir='ltr'><strong>et</strong></span> <span class='ocrx_word' id='word_1_162' title='bbox 678 2085 870 2146; x_wconf 90' lang='lat' dir='ltr'><strong>parum</strong></span> <span class='ocrx_word' id='word_1_163' title='bbox 897 2067 1037 2129; x_wconf 87' lang='lat' dir='ltr'><strong>felix</strong></span> <span class='ocrx_word' id='word_1_164' title='bbox 1061 2070 1465 2130; x_wconf 88' lang='lat' dir='ltr'><strong>matrimonium</strong></span> <span class='ocrx_word' id='word_1_165' title='bbox 1487 2080 1757 2150; x_wconf 89' lang='lat' dir='ltr'><strong>expertus</strong></span> <span class='ocrx_word' id='word_1_166' title='bbox 1778 2079 1869 2131; x_wconf 91' lang='lat' dir='ltr'><strong>est</strong></span> <span class='ocrx_word' id='word_1_167' title='bbox 1889 2068 2299 2148; x_wconf 78' lang='lat' dir='ltr'><strong>inpetrandam-</strong></span> 
     </span>
     <span class='ocr_line' id='line_1_23' title="bbox 324 2151 2300 2233; baseline 0.002 -24"><span class='ocrx_word' id='word_1_168' title='bbox 324 2169 434 2229; x_wconf 89' lang='lat' dir='ltr'><strong>que</strong></span> <span class='ocrx_word' id='word_1_169' title='bbox 462 2170 494 2212; x_wconf 92' lang='lat' dir='ltr'><strong>a</strong></span> <span class='ocrx_word' id='word_1_170' title='bbox 536 2151 783 2212; x_wconf 89' lang='lat' dir='ltr'><strong>bonitate</strong></span> <span class='ocrx_word' id='word_1_171' title='bbox 811 2159 905 2211; x_wconf 89' lang='lat' dir='ltr'><strong>tua</strong></span> <span class='ocrx_word' id='word_1_172' title='bbox 945 2168 1050 2230; x_wconf 89' lang='lat' dir='ltr'><strong>per</strong></span> <span class='ocrx_word' id='word_1_173' title='bbox 1076 2170 1180 2213; x_wconf 89' lang='lat' dir='ltr'><strong>nos</strong></span> <span class='ocrx_word' id='word_1_174' title='bbox 1207 2152 1380 2214; x_wconf 87' lang='lat' dir='ltr'><strong>habet</strong></span> <span class='ocrx_word' id='word_1_175' title='bbox 1409 2154 1562 2233; x_wconf 89' lang='lat' dir='ltr'><strong>quod</strong></span> <span class='ocrx_word' id='word_1_176' title='bbox 1589 2152 1671 2213; x_wconf 92' lang='lat' dir='ltr'><strong>illi</strong></span> <span class='ocrx_word' id='word_1_177' title='bbox 1699 2153 1955 2215; x_wconf 86' lang='lat' dir='ltr'><strong>fortunae</strong></span> <span class='ocrx_word' id='word_1_178' title='bbox 1985 2152 2300 2229; x_wconf 80' lang='lat' dir='ltr'><strong>malignitas</strong></span> 
     </span>
    </p>

    <p class='ocr_par' dir='ltr' id='par_1_10' title="bbox 270 2233 2383 2567">
     <span class='ocr_line' id='line_1_24' title="bbox 270 2233 2298 2316; baseline -0 -21"><span class='ocrx_word' id='word_1_179' title='bbox 270 2242 306 2295; x_wconf 83' lang='grc'>3</span> <span class='ocrx_word' id='word_1_180' title='bbox 323 2233 640 2311; x_wconf 79' lang='lat' dir='ltr'><strong>denegavit.</strong></span> <span class='ocrx_word' id='word_1_181' title='bbox 683 2234 840 2313; x_wconf 89' lang='lat' dir='ltr'><strong>Scio,</strong></span> <span class='ocrx_word' id='word_1_182' title='bbox 870 2234 1111 2313; x_wconf 90' lang='lat' dir='ltr'><strong>domine,</strong></span> <span class='ocrx_word' id='word_1_183' title='bbox 1144 2247 1408 2316; x_wconf 86' lang='lat' dir='ltr'><strong>quantum</strong></span> <span class='ocrx_word' id='word_1_184' title='bbox 1434 2238 1772 2299; x_wconf 84' lang='lat' dir='ltr'><strong>beneficium</strong></span> <span class='ocrx_word' id='word_1_185' title='bbox 1792 2247 2001 2315; x_wconf 83' lang='lat' dir='ltr'><strong>petam,</strong></span> <span class='ocrx_word' id='word_1_186' title='bbox 2035 2235 2140 2296; x_wconf 85' lang='lat' dir='ltr'><strong>sed</strong></span> <span class='ocrx_word' id='word_1_187' title='bbox 2161 2244 2298 2313; x_wconf 90' lang='lat' dir='ltr'><strong>peto</strong></span> 
     </span>
     <span class='ocr_line' id='line_1_25' title="bbox 319 2319 2383 2398; baseline -0.001 -22"><span class='ocrx_word' id='word_1_188' title='bbox 319 2335 352 2376; x_wconf 91' lang='lat' dir='ltr'><strong>a</strong></span> <span class='ocrx_word' id='word_1_189' title='bbox 380 2327 437 2376; x_wconf 87' lang='lat' dir='ltr'><strong>te</strong></span> <span class='ocrx_word' id='word_1_190' title='bbox 454 2362 471 2394; x_wconf 91' lang='lat'><strong>,</strong></span> <span class='ocrx_word' id='word_1_191' title='bbox 517 2319 675 2379; x_wconf 89' lang='lat' dir='ltr'><strong>cuius</strong></span> <span class='ocrx_word' id='word_1_192' title='bbox 704 2319 760 2377; x_wconf 91' lang='lat' dir='ltr'><strong>in</strong></span> <span class='ocrx_word' id='word_1_193' title='bbox 792 2319 1045 2379; x_wconf 87' lang='lat' dir='ltr'><strong>omnibus</strong></span> <span class='ocrx_word' id='word_1_194' title='bbox 1086 2320 1381 2383; x_wconf 85' lang='lat' dir='ltr'><strong>desideriis</strong></span> <span class='ocrx_word' id='word_1_195' title='bbox 1419 2324 1560 2382; x_wconf 89' lang='lat' dir='ltr'><strong>meis</strong></span> <span class='ocrx_word' id='word_1_196' title='bbox 1588 2320 1986 2398; x_wconf 84' lang='lat' dir='ltr'><strong>indulgentiam</strong></span> <span class='ocrx_word' id='word_1_197' title='bbox 2013 2319 2383 2398; x_wconf 72' lang='lat' dir='ltr'><strong>experior.-25</strong></span> 
     </span>
     <span class='ocr_line' id='line_1_26' title="bbox 321 2397 2302 2486; baseline 0.002 -28"><span class='ocrx_word' id='word_1_198' title='bbox 321 2397 491 2460; x_wconf 89' lang='lat' dir='ltr'><strong>Potes</strong></span> <span class='ocrx_word' id='word_1_199' title='bbox 520 2403 668 2462; x_wconf 87' lang='lat' dir='ltr'><strong>enim</strong></span> <span class='ocrx_word' id='word_1_200' title='bbox 696 2399 993 2480; x_wconf 80' lang='lat' dir='ltr'><strong>colligere,</strong></span> <span class='ocrx_word' id='word_1_201' title='bbox 1025 2414 1229 2482; x_wconf 87' lang='lat' dir='ltr'><strong>quanto</strong></span> <span class='ocrx_word' id='word_1_202' title='bbox 1262 2422 1442 2484; x_wconf 89' lang='lat' dir='ltr'><strong>opere</strong></span> <span class='ocrx_word' id='word_1_203' title='bbox 1470 2406 1713 2485; x_wconf 91' lang='lat' dir='ltr'><strong>cupiam,</strong></span> <span class='ocrx_word' id='word_1_204' title='bbox 1744 2405 1894 2486; x_wconf 85' lang='lat' dir='ltr'><strong>quod</strong></span> <span class='ocrx_word' id='word_1_205' title='bbox 1911 2422 2026 2465; x_wconf 92' lang='lat' dir='ltr'><strong>non</strong></span> <span class='ocrx_word' id='word_1_206' title='bbox 2042 2420 2302 2482; x_wconf 85' lang='lat' dir='ltr'><strong>rogarem</strong></span> 
     </span>
     <span class='ocr_line' id='line_1_27' title="bbox 320 2482 1335 2567; baseline 0.005 -24"><span class='ocrx_word' id='word_1_207' title='bbox 320 2482 551 2564; x_wconf 83' lang='lat' dir='ltr'><strong>absens,</strong></span> <span class='ocrx_word' id='word_1_208' title='bbox 580 2485 629 2547; x_wconf 90' lang='lat' dir='ltr'><strong>si</strong></span> <span class='ocrx_word' id='word_1_209' title='bbox 654 2485 1020 2548; x_wconf 74' lang='lat' dir='ltr'><strong>mediocriter</strong></span> <span class='ocrx_word' id='word_1_210' title='bbox 1047 2506 1335 2567; x_wconf 87' lang='lat' dir='ltr'><strong>cuperem.</strong></span> 
     </span>
    </p>
   </div>
   <div class='ocr_carea' id='block_1_9' title="bbox 976 2618 2382 2804">
    <p class='ocr_par' dir='ltr' id='par_1_11' title="bbox 976 2618 2462 2840">
     <span class='ocr_line' id='line_1_28' title="bbox 1072 2618 1536 2701; baseline -0.004 -19"><span class='ocrx_word' id='word_1_211' title='bbox 1072 2619 1245 2682; x_wconf 82' lang='lat' dir='ltr'><strong>xcv.</strong></span> <span class='ocrx_word' id='word_1_212' title='bbox 1289 2618 1536 2701; x_wconf 62' lang='lat' dir='ltr'><strong>[xcvi]</strong></span> 
     </span>
     <span class='ocr_line' id='line_1_29' title="bbox 976 2718 2382 2804; baseline 0.001 -33"><span class='ocrx_word' id='word_1_213' title='bbox 976 2719 1303 2771; x_wconf 66' lang='lat' dir='ltr'><strong>‘summos</strong></span> <span class='ocrx_word' id='word_1_214' title='bbox 1340 2721 1550 2773; x_wconf 81' lang='lat' dir='ltr'><strong>PLm1o</strong></span> <span class='ocrx_word' id='word_1_215' title='bbox 1584 2718 1637 2772; x_wconf 79' lang='lat' dir='ltr'><strong>S.</strong></span> <span class='ocrx_word' id='word_1_216' title='bbox 2314 2749 2382 2804; x_wconf 75' lang='lat'><strong>30</strong></span> 
     </span>
    </p>
   </div>
   <div class='ocr_carea' id='block_1_10' title="bbox 318 2820 2383 3318">
    <p class='ocr_par' dir='ltr' id='par_1_12' title="bbox 318 2820 2383 3318">
     <span class='ocr_line' id='line_1_30' title="bbox 443 2820 2301 2903; baseline 0.001 -22"><span class='ocrx_word' id='word_1_217' title='bbox 443 2820 622 2894; x_wconf 86' lang='lat' dir='ltr'><strong>Quam</strong></span> <span class='ocrx_word' id='word_1_218' title='bbox 667 2839 839 2901; x_wconf 89' lang='lat' dir='ltr'><strong>parce</strong></span> <span class='ocrx_word' id='word_1_219' title='bbox 878 2821 1023 2882; x_wconf 89' lang='lat' dir='ltr'><strong>haec</strong></span> <span class='ocrx_word' id='word_1_220' title='bbox 1059 2821 1338 2883; x_wconf 82' lang='lat' dir='ltr'><strong>beneficia</strong></span> <span class='ocrx_word' id='word_1_221' title='bbox 1379 2823 1615 2883; x_wconf 88' lang='lat' dir='ltr'><strong>tribuam</strong></span> <span class='ocrx_word' id='word_1_222' title='bbox 1647 2824 1874 2903; x_wconf 84' lang='lat' dir='ltr'><strong>utique,</strong></span> <span class='ocrx_word' id='word_1_223' title='bbox 1921 2824 1996 2881; x_wconf 91' lang='lat' dir='ltr'><strong>mi</strong></span> <span class='ocrx_word' id='word_1_224' title='bbox 2036 2821 2301 2882; x_wconf 88' lang='lat' dir='ltr'><strong>Secunde</strong></span> 
     </span>
     <span class='ocr_line' id='line_1_31' title="bbox 319 2904 2304 2984; baseline 0.001 -21"><span class='ocrx_word' id='word_1_225' title='bbox 319 2904 640 2983; x_wconf 84' lang='lat' dir='ltr'><strong>carissime,</strong></span> <span class='ocrx_word' id='word_1_226' title='bbox 681 2905 878 2967; x_wconf 89' lang='lat' dir='ltr'><strong>haeret</strong></span> <span class='ocrx_word' id='word_1_227' title='bbox 920 2907 1055 2984; x_wconf 85' lang='lat' dir='ltr'><strong>tibi,</strong></span> <span class='ocrx_word' id='word_1_228' title='bbox 1103 2924 1229 2966; x_wconf 91' lang='lat' dir='ltr'><strong>cum</strong></span> <span class='ocrx_word' id='word_1_229' title='bbox 1262 2909 1427 2967; x_wconf 90' lang='lat' dir='ltr'><strong>etiam</strong></span> <span class='ocrx_word' id='word_1_230' title='bbox 1455 2908 1512 2965; x_wconf 92' lang='lat' dir='ltr'><strong>in</strong></span> <span class='ocrx_word' id='word_1_231' title='bbox 1543 2916 1740 2968; x_wconf 87' lang='lat' dir='ltr'><strong>senatu</strong></span> <span class='ocrx_word' id='word_1_232' title='bbox 1769 2906 2056 2967; x_wconf 82' lang='lat' dir='ltr'><strong>adfirmare</strong></span> <span class='ocrx_word' id='word_1_233' title='bbox 2087 2905 2304 2965; x_wconf 87' lang='lat' dir='ltr'><strong>soleam</strong></span> 
     </span>
     <span class='ocr_line' id='line_1_32' title="bbox 318 2988 2305 3071; baseline 0.002 -26"><span class='ocrx_word' id='word_1_234' title='bbox 318 3004 430 3046; x_wconf 88' lang='lat' dir='ltr'><strong>non</strong></span> <span class='ocrx_word' id='word_1_235' title='bbox 465 2992 789 3051; x_wconf 85' lang='lat' dir='ltr'><strong>excessisse</strong></span> <span class='ocrx_word' id='word_1_236' title='bbox 820 3007 909 3049; x_wconf 91' lang='lat' dir='ltr'><strong>me</strong></span> <span class='ocrx_word' id='word_1_237' title='bbox 931 3007 1216 3050; x_wconf 90' lang='lat' dir='ltr'><strong>numerum</strong></span> <span class='ocrx_word' id='word_1_238' title='bbox 1249 3008 1418 3070; x_wconf 90' lang='lat' dir='ltr'><strong>quem</strong></span> <span class='ocrx_word' id='word_1_239' title='bbox 1444 2991 1593 3071; x_wconf 89' lang='lat' dir='ltr'><strong>apud</strong></span> <span class='ocrx_word' id='word_1_240' title='bbox 1622 2991 2022 3070; x_wconf 90' lang='lat' dir='ltr'><strong>amplissimum</strong></span> <span class='ocrx_word' id='word_1_241' title='bbox 2051 2988 2305 3050; x_wconf 88' lang='lat' dir='ltr'><strong>ordinem</strong></span> 
     </span>
     <span class='ocr_line' id='line_1_33' title="bbox 320 3068 2304 3152; baseline 0.003 -25"><span class='ocrx_word' id='word_1_242' title='bbox 320 3068 683 3130; x_wconf 84' lang='lat' dir='ltr'><strong>suffecturum</strong></span> <span class='ocrx_word' id='word_1_243' title='bbox 723 3073 853 3133; x_wconf 89' lang='lat' dir='ltr'><strong>mihi</strong></span> <span class='ocrx_word' id='word_1_244' title='bbox 901 3073 1198 3152; x_wconf 81' lang='lat' dir='ltr'><strong>professus</strong></span> <span class='ocrx_word' id='word_1_245' title='bbox 1239 3094 1390 3135; x_wconf 87' lang='lat' dir='ltr'><strong>sum:</strong></span> <span class='ocrx_word' id='word_1_246' title='bbox 1450 3085 1548 3135; x_wconf 91' lang='lat' dir='ltr'><strong>tuo</strong></span> <span class='ocrx_word' id='word_1_247' title='bbox 1599 3084 1786 3135; x_wconf 88' lang='lat' dir='ltr'><strong>tamen</strong></span> <span class='ocrx_word' id='word_1_248' title='bbox 1834 3072 2118 3135; x_wconf 86' lang='lat' dir='ltr'><strong>desiderio</strong></span> <span class='ocrx_word' id='word_1_249' title='bbox 2167 3073 2304 3134; x_wconf 89' lang='lat' dir='ltr'><strong>sub-</strong></span> 
     </span>
     <span class='ocr_line' id='line_1_34' title="bbox 318 3152 2383 3236; baseline 0.002 -26"><span class='ocrx_word' id='word_1_250' title='bbox 318 3152 523 3227; x_wconf 87' lang='lat' dir='ltr'><strong>scripsi</strong></span> <span class='ocrx_word' id='word_1_251' title='bbox 562 3162 622 3213; x_wconf 91' lang='lat' dir='ltr'><strong>et</strong></span> <span class='ocrx_word' id='word_1_252' title='bbox 649 3154 875 3217; x_wconf 88' lang='lat' dir='ltr'><strong>dedisse</strong></span> <span class='ocrx_word' id='word_1_253' title='bbox 903 3175 992 3217; x_wconf 92' lang='lat' dir='ltr'><strong>me</strong></span> <span class='ocrx_word' id='word_1_254' title='bbox 1031 3157 1118 3218; x_wconf 91' lang='lat' dir='ltr'><strong>ius</strong></span> <span class='ocrx_word' id='word_1_255' title='bbox 1148 3160 1313 3220; x_wconf 89' lang='lat' dir='ltr'><strong>trium</strong></span> <span class='ocrx_word' id='word_1_256' title='bbox 1341 3159 1646 3220; x_wconf 89' lang='lat' dir='ltr'><strong>liberorum</strong></span> <span class='ocrx_word' id='word_1_257' title='bbox 1673 3159 1946 3224; x_wconf 87' lang='lat' dir='ltr'><strong>Suetonio</strong></span> <span class='ocrx_word' id='word_1_258' title='bbox 1975 3156 2299 3236; x_wconf 83' lang='lat' dir='ltr'><strong>Tranquillo</strong></span> <span class='ocrx_word' id='word_1_259' title='bbox 2317 3166 2383 3222; x_wconf 80' lang='lat'><strong>35</strong></span> 
     </span>
     <span class='ocr_line' id='line_1_35' title="bbox 319 3233 2301 3318; baseline 0.005 -26"><span class='ocrx_word' id='word_1_260' title='bbox 319 3250 389 3294; x_wconf 85' lang='lat' dir='ltr'><strong>ea</strong></span> <span class='ocrx_word' id='word_1_261' title='bbox 418 3233 737 3297; x_wconf 89' lang='lat' dir='ltr'><strong>conditione</strong></span> <span class='ocrx_word' id='word_1_262' title='bbox 764 3256 871 3318; x_wconf 89' lang='lat' dir='ltr'><strong>qua</strong></span> <span class='ocrx_word' id='word_1_263' title='bbox 898 3239 1129 3301; x_wconf 83' lang='lat' dir='ltr'><strong>adsuevi</strong></span> <span class='ocrx_word' id='word_1_264' title='bbox 1157 3242 1360 3303; x_wconf 85' lang='lat' dir='ltr'><strong>referri</strong></span> <span class='ocrx_word' id='word_1_265' title='bbox 1393 3245 1449 3303; x_wconf 93' lang='lat' dir='ltr'><strong>in</strong></span> <span class='ocrx_word' id='word_1_266' title='bbox 1492 3244 1923 3305; x_wconf 84' lang='lat' dir='ltr'><strong>commentarios</strong></span> <span class='ocrx_word' id='word_1_267' title='bbox 1951 3258 2112 3304; x_wconf 88' lang='lat' dir='ltr'><strong>meos</strong></span> <span class='ocrx_word' id='word_1_268' title='bbox 2137 3243 2301 3303; x_wconf 89' lang='lat' dir='ltr'><strong>iussi.</strong></span> 
     </span>
    </p>
   </div>
   <div class='ocr_carea' id='block_1_11' title="bbox 2457 1170 2465 2061">
    <p class='ocr_par' dir='ltr' id='par_1_13' title="bbox 2457 1170 2465 2061">
     <span class='ocr_line' id='line_1_36' title="bbox 2457 1170 2465 2061; baseline 0 0"><span class='ocrx_word' id='word_1_269' title='bbox 2457 1170 2465 2061; x_wconf 95' lang='lat' dir='ltr'><strong> </strong></span> 
     </span>
    </p>
   </div>
  </div>
 </body>
</html>
