2467 3850
265 187 276 204 ¹
352 198 434 261 96
1189 195 1256 257 G.
1298 195 1489 258 PLINI

349 352 478 411 fons
508 349 691 426 egerit
721 366 919 428 aquam
950 359 1008 411 et
1035 351 1269 428 recipit:
1312 366 1437 408 nam
1466 349 1704 426 expulsa
1731 349 1786 408 in
1808 348 1977 408 altum
2004 350 2060 407 in
2089 366 2157 408 se
2189 348 2339 407 cadit

347 435 664 512 iunctisque
693 432 933 495 hiatibus
967 444 1025 494 et
1054 434 1389 493 absorbetur
1416 442 1475 492 et
1502 432 1731 494 tollitur.
1787 432 1836 491 E
1866 434 2102 509 regione
2133 431 2339 491 stibadi

348 518 645 577 adversum
688 518 1006 577 cubiculum
1040 527 1249 577 tantum
1290 516 1529 577 stibadio
1576 517 1759 577 reddit
1801 526 2027 576 ornatus
2071 524 2339 593 quantum

264 615 333 668 38
350 603 558 680 accipit
596 601 666 660 ab
712 600 828 660 illo.
893 600 1171 661 Marmore
1211 600 1507 679 splendet,
1543 600 1721 672 valvis
1751 602 1807 659 in
1834 600 2029 660 viridia
2056 600 2338 677 prominet

350 696 407 746 et
438 687 584 760 exit,
625 684 732 743 alia
758 685 953 745 viridia
983 685 1370 763 superioribus
1401 683 1875 761 inferioribusque
1908 684 2175 743 fenestris
2209 695 2380 745 sus-5

349 770 486 847 cipit
528 768 883 846 dispicitque.
952 767 1087 827 Mox
1128 767 1425 832 zothecula
1465 766 1676 844 refugit
1718 769 1876 845 quasi
1915 769 1971 827 in
2014 766 2337 826 cubiculum

347 853 495 912 idem
521 862 688 929 atque
729 851 894 912 aliud.
958 850 1165 912 Lectus
1200 851 1296 910 hic
1337 860 1395 910 et
1427 851 1673 929 undique
1701 850 2018 927 fenestrae,
2062 859 2336 910 ettamen

265 950 333 1005 39
348 936 534 995 lumen
580 935 881 995 obscurum
913 936 1105 995 umbra
1142 944 1457 1013 premente.
1530 932 1670 994 Nam
1709 896 2018 995 laetissima,
2057 935 2189 994 vitis
2230 951 2336 1012 per

349 1036 512 1079 omne
545 1028 756 1078 tectum
782 1020 837 1078 in
872 1018 1094 1078 culmen
1120 1020 1310 1079 nititur
1332 1028 1391 1078 et
1414 1017 1686 1079 ascendit.
1725 1017 1851 1077 Non
1875 1036 2044 1079 secus
2067 1018 2146 1076 ibi
2171 1034 2336 1095 quam

348 1106 402 1163 in
432 1119 661 1162 nemore
689 1103 901 1180 iaceas,
930 1103 1162 1161 imbrem
1191 1111 1401 1162 tantum
1430 1110 1703 1180 tamquam
1728 1103 1784 1160 in
1805 1119 2033 1161 nemore
2063 1118 2175 1161 nou
2209 1120 2334 1161 sen·
2349 1118 2409 1169 10
2456 1085 2457 1150 ἶ

265 1202 333 1254 40
349 1190 472 1247 tias.
516 1185 622 1246 Hic
653 1204 880 1264 quoque
902 1186 1027 1245 fons
1050 1188 1301 1246 nascitur
1329 1184 1604 1264 simulque
1632 1185 1977 1245 subducitur.
2017 1186 2156 1245 Sunt
2186 1184 2332 1246 locis

351 1269 603 1348 pluribus
628 1269 899 1348 disposita
936 1269 1133 1330 sedilia
1164 1289 1196 1329 e
1229 1286 1526 1345 marmore,
1562 1287 1704 1347 quae
1732 1267 2107 1329 ambulatione
2139 1268 2331 1329 fessos

349 1364 408 1414 ut
435 1353 750 1413 cubiculum
790 1354 972 1432 ipsum
1013 1354 1217 1413 iuvant.
1283 1352 1561 1413 Fonticuli
1592 1353 1861 1413 sedilibus
1891 1352 2174 1420 adiacent;
2227 1370 2334 1431 per

346 1448 523 1498 totum
551 1437 978 1515 hippodromum
1009 1438 1217 1497 inducti
1248 1437 1448 1497 fistulis
1477 1446 1734 1516 strepunt
1777 1438 1883 1496 rivi
1911 1443 1968 1496 et
1998 1454 2107 1515 qua
2135 1453 2330 1496 manus

348 1522 499 1581 duxit
524 1530 807 1581 secuntur.
853 1520 951 1582 His
981 1539 1128 1580 nunc
1151 1521 1246 1581 illa
1272 1521 1466 1580 viridia
1489 1540 1636 1581 nunc
1664 1520 1829 1597 haec,
1860 1520 2135 1580 interdum
2164 1518 2329 1581 simul
2348 1529 2404 1580 15

348 1608 526 1665 omnia
553 1605 820 1665 lavantur.
887 1604 1166 1665 Vitassem
1195 1608 1300 1664 iam
1331 1604 1532 1663 dudum
1559 1624 1631 1664 ne
1656 1605 1882 1664 viderer
1911 1605 2192 1681 argutior,
2225 1605 2330 1663 nisi

262 1707 329 1759 41
348 1691 772 1768 proposuissem
808 1708 1000 1749 omnes
1032 1689 1268 1766 angulos
1291 1697 1478 1749 tecum
1500 1687 1739 1766 epistula
1771 1690 2080 1748 circumire.
2125 1685 2330 1765 Neque

349 1776 494 1832 enim
519 1774 760 1833 verebar
782 1793 854 1832 ne
879 1773 1218 1835 laboriosum
1245 1782 1404 1833 esset
1430 1772 1645 1849 legenti
1667 1773 1767 1834 tibi
1800 1772 1950 1851 quod
1980 1773 2182 1832 visenti
2219 1785 2329 1830 nou

348 1856 571 1933 fuisset3
603 1860 935 1936 praesertim
966 1875 1091 1917 cum
1121 1857 1591 1936 interquiescere,
1625 1856 1925 1935 si'liberet,
1956 1856 2328 1935 depositaque

349 1942 590 2020 epistula
619 1943 777 2020 quasi
798 1943 1051 2002 residere
1082 1943 1307 2019 saepius
1330 1959 1557 2021 possea.
1599 1940 1898 2001 Praeterea
1923 1939 2125 2000 indulsi
2155 1941 2402 2011 amorim

347 2043 506 2086 meo:
552 2041 674 2084 amo
720 2027 865 2084 enim
899 2044 1040 2103 quae
1086 2027 1319 2084 maxima
1355 2043 1428 2084 ex
1460 2035 1618 2103 parte
1663 2026 1787 2103 ipse
1828 2024 2084 2085 inchoavi
2121 2032 2217 2082 aut
2249 2024 2327 2082 in·

263 2118 332 2170 42
351 2109 547 2168 choata
588 2107 864 2185 percolui.
908 2107 971 2166 In
999 2124 1227 2183 summa,
1256 2109 1390 2187 (cur
1412 2111 1558 2169 enim
1579 2126 1691 2168 non
1718 2110 1962 2187 aperiam
1993 2108 2093 2169 tibi
2122 2106 2218 2166 vel
2248 2109 2329 2166 iu·
2364 2140 2368 2144 -

348 2192 550 2251 dicium
590 2208 773 2249 meum
811 2190 907 2249 vel
950 2188 1271 2270 errorem?)
1314 2194 1548 2271 primum
1595 2210 1705 2270 ego
1749 2192 1994 2252 officium
2034 2192 2330 2269 scriptoris

348 2276 604 2334 existimo
640 2283 698 2331 ut
732 2272 949 2332 titulum
978 2291 1136 2333 suum
1169 2273 1321 2352 legat
1357 2276 1540 2354 adque
1574 2275 1877 2337 identidem
1920 2278 2235 2352 interroget
2265 2293 2330 2335 sc

347 2356 479 2435 quid
514 2358 767 2434 coeperit
802 2358 1055 2417 scribere
1102 2361 1390 2438 sciatque,
1438 2363 1484 2422 si
1523 2363 1787 2421 materiae
1822 2361 2173 2436 immoratur,
2216 2377 2329 2419 non
2344 2367 2405 2419 25

348 2458 480 2500 esse
520 2439 779 2517 longum,
814 2440 1228 2520 longissimum,
1278 2447 1329 2504 si
1367 2443 1576 2524 aliquid
1602 2446 1840 2504 arcessit
1871 2444 2051 2521 adque
2086 2441 2329 2503 attrahit.

264 2523 519 2584 43Vides
551 2532 687 2602 quot
726 2526 986 2586 versibus
1021 2525 1332 2605 HomeruS,
1377 2538 1513 2606 quot
1545 2526 1834 2605 Vergilius
1864 2545 2042 2602 arma,
2084 2526 2180 2585 hic
2216 2526 2330 2586 Ae-

346 2625 520 2685 neae,
551 2606 789 2667 Achillis
818 2609 949 2685 ille,
980 2609 1290 2671 describat.
1331 2612 1519 2672 brevis
1549 2622 1735 2672 tamen
1763 2620 2002 2689 uterque
2033 2619 2154 2687 est,
2203 2611 2331 2688 quia

347 2691 478 2752 facit
520 2693 670 2770 quod
712 2694 962 2755 instituit.
1026 2693 1202 2756 Vides
1229 2704 1289 2754 ut
1317 2694 1520 2755 Aratus
1554 2696 1916 2756 minutissima
1945 2695 2110 2754 etiam
2141 2694 2331 2754 sidera

195 2848 208 2865 .
351 2784 711 2837 consectetur
744 2787 801 2837 et
840 2777 1099 2855 colligat:
1140 2779 1363 2837 modum
1406 2788 1587 2839 tamen
1630 2788 1836 2840 servat.
1892 2777 2020 2838 Non
2050 2780 2198 2837 enim
2230 2780 2408 2837 ex·30

262 2866 546 2919 44cursus
581 2861 673 2921 hic
706 2864 862 2939 eius,
908 2864 1010 2923 sed
1038 2880 1181 2940 opus
1210 2863 1395 2940 ipsum
1419 2872 1528 2922 est.
1593 2862 1863 2923 Similiter
1890 2879 2028 2937 nOS,
2060 2871 2121 2921 ut
2156 2879 2331 2939 parva

344 2946 589 3020 magnis,
625 2963 749 3003 cum
776 2954 948 3005 totam
969 2944 1156 3005 villam
1185 2945 1368 3009 oculis
1396 2948 1504 3007 tuis
1537 2945 1800 3006 subicere
1839 2964 2101 3005 conamur
2119 2990 2138 3022 ,
2166 2947 2218 3005 si
2248 2948 2330 3005 ni-

343 3025 422 3085 hil
446 3025 726 3085 inductum
757 3038 812 3088 et
839 3031 997 3107 quasi
1028 3029 1248 3088 devium
1281 3029 1591 3109 loquimur,
1634 3047 1747 3089 non
1781 3031 2022 3109 epistula
2052 3047 2198 3106 quae
2231 3029 2331 3089 de·
2454 3018 2458 3037 ⁸

345 3109 540 3169 scribit
563 3110 665 3169 sed
692 3110 825 3172 villa
853 3131 994 3190 quae
1018 3112 1354 3173 describitur
1381 3132 1579 3191 magna
1603 3124 1712 3174 est.
1771 3114 1981 3173 Verum
2009 3113 2147 3172 illuc
2179 3112 2331 3172 unde
2455 3050 2457 3177 1

348 3194 535 3270 coepi,
563 3211 635 3253 ne
663 3195 969 3255 secundum
995 3196 1186 3272 legem
1210 3214 1389 3257 meam
1416 3200 1538 3257 iure
1570 3198 1986 3275 reprehendar,
2023 3199 2071 3258 si
2101 3196 2408 3274 longior-‘35

262 3285 328 3338 45
348 3275 505 3336 fuero
533 3279 589 3336 in
619 3278 728 3338 hoc
768 3281 823 3337 in
866 3280 1017 3358 quod
1052 3282 1298 3341 excessi.
1359 3280 1548 3341 Habes
1594 3299 1794 3342 causas
1827 3300 1927 3341 cur
1961 3300 2074 3358 ego
2104 3279 2334 3342 Tuscos

345 3377 502 3420 meos
533 3359 885 3438 Tusculanis,
919 3361 1240 3440 Tiburtinis,
1270 3364 1762 3443 Praenestinisque
1784 3382 2149 3444 praeponam.
2187 3363 2338 3424 Nam

346 3460 519 3521 super
539 3445 631 3507 illa
662 3465 808 3525 quae
848 3444 1039 3504 rettuli
1067 3445 1231 3507 altius
1260 3448 1337 3508 ibi
1368 3449 1537 3509 otium
1567 3457 1624 3509 et
1653 3450 1919 3527 pinguius
1943 3466 2335 3528 coquesecu-
