2467 3850
366 154 450 216 30
1205 151 1270 214 ε.
1310 151 1501 215 rum
2461 152 2462 243 Q

367 316 425 367 et
456 306 618 365 nohis
646 303 955 382 invidebis,
998 304 1100 364 tibi
1124 307 1360 366 maxima
1391 305 1587 381 laude,
1630 304 1795 366 nobis
1823 303 2158 385 voluptate?
2208 304 2346 368 Sine

364 408 470 469 per
498 406 596 449 ora
623 388 904 447 hominum
932 389 1179 448 ferantur
1198 380 1490 468 isdemque
1516 389 1715 468 quibus
1736 388 1924 467 lingua
1943 389 2191 451 Romana
2215 409 2347 469 spa-

363 476 457 535 tiis
501 482 896 552 pervagentur.
962 470 1164 549 Magna
1202 482 1262 533 et
1302 475 1411 532 iam
1447 472 1617 550 longa
1647 475 1966 551 expectatio
2002 484 2125 550 est,
2178 493 2348 553 quam

315 557 618 622 3frustrari
657 556 838 615 adhuc
869 564 926 615 et
968 555 1194 616 differre
1234 574 1347 616 non
1381 555 1577 616 debes.
1634 555 1983 617 Enotuerunt
2017 557 2236 635 quidam
2264 559 2348 618 tui

362 659 565 701 versus
600 649 657 700 et
684 642 856 700 invito
886 649 945 699 te
981 639 1222 700 claustra
1251 658 1351 700 sua
1382 640 1758 717 refregerunt.
1817 640 1934 700 Hos
1964 643 2071 701 nisi
2103 641 2395 710 retrahis5

362 727 419 785 in
451 741 680 803 corpus,
712 722 1047 802 quandoque
1077 734 1137 784 ut
1176 741 1409 784 errones
1443 723 1686 802 aliquem
1719 726 1877 785 cuius
1908 723 2158 784 dicantur
2185 727 2346 787 inve-

315 810 534 872 4nient.
591 806 748 867 Habe
790 817 918 867 ante
949 806 1149 868 oculos
1177 806 1603 885 mortalitatem,
1647 825 1678 866 a
1709 824 1817 885 qua
1845 806 2111 871 adserere
2138 818 2197 869 te
2229 808 2347 870 hoc

364 909 474 951 uno
504 892 845 951 monimento
889 900 1090 969 potes:
1132 909 1258 951 nam
1294 900 1486 950 cetera
1525 889 1741 968 fragilia
1776 901 1834 950 et
1865 891 2074 951 caduca
2099 910 2212 951 non
2242 894 2345 952 mi-

364 994 467 1035 nus
497 993 660 1054 quam
686 976 795 1053 ipsi
828 974 1081 1034 homines
1115 975 1378 1035 occidunt
1410 973 1798 1053 desinuntque.
1835 972 2033 1051 Dices,
2064 985 2123 1035 ut
2159 974 2344 1054 soles,

311 1071 344 1122 5
362 1061 546 1119 ‘amici
568 1059 677 1119 mei
698 1058 979 1118 viderint'.
1028 1056 1177 1136 Opto
1199 1058 1463 1136 equidem
1485 1060 1694 1118 amicos
1724 1058 1824 1117 tibi
1844 1064 1953 1117 tam
1975 1057 2196 1137 fideles,
2230 1069 2347 1120 tam
2366 1076 2430 1128 10

364 1143 636 1219 eruditos,
665 1151 775 1201 tam
808 1140 1147 1220 laboriosoS,
1176 1151 1239 1201 ut
1267 1150 1476 1202 tantum
1506 1159 1674 1202 curae
1702 1144 2137 1221 intentionisque
2161 1145 2348 1203 susei-

364 1246 507 1306 pere
542 1236 601 1286 et
633 1226 853 1305 possint
883 1235 941 1285 et
980 1224 1191 1302 velint,
1237 1225 1343 1286 sed
1372 1226 1590 1304 dispice
1617 1245 1690 1301 ne
1722 1227 1793 1287 sit
1823 1243 2018 1306 parum
2049 1226 2347 1305 providum
2457 1236 2462 1243 “

313 1320 596 1389 6sperare
638 1328 711 1369 ex
749 1309 871 1370 aliis
904 1310 1055 1388 quod
1095 1310 1195 1369 tibi
1226 1312 1352 1388 ipse
1394 1325 1506 1369 non
1542 1318 1818 1387 praestes.
1879 1308 1954 1369 Et
1989 1309 2059 1369 de
2095 1310 2346 1370 editione

365 1394 591 1473 quidem
621 1395 839 1454 interim
867 1403 926 1452 ut
954 1393 1150 1453 voles:
1180 1395 1361 1452 recita
1393 1392 1615 1471 saltem,
1648 1410 1761 1472 quo
1783 1395 1959 1469 magis
1982 1393 2153 1453 libeat
2182 1397 2345 1454 emit-

362 1488 521 1555 tere,
553 1486 726 1556 utque
756 1477 977 1538 tandem
1008 1478 1292 1556 percipias
1323 1476 1616 1554 gaudium,
1651 1475 1802 1554 quod
1834 1494 1947 1553 ego
1981 1477 2113 1536 olim
2146 1495 2250 1556 pro
2279 1487 2344 1539 te
2364 1492 2428 1544 15
2461 1520 2462 1533 ,

283 1611 288 1616 .
314 1569 470 1625 7non
502 1570 715 1621 temere
747 1578 1064 1640 praesumo.
1108 1559 1387 1637 Imaginor
1416 1562 1562 1619 enim
1593 1562 1687 1638 qui
1719 1578 2045 1638 consursus,
2078 1578 2220 1638 quae
2245 1561 2345 1622 ad-

363 1647 578 1705 miratio
606 1655 687 1723 te,
720 1648 813 1724 qui
838 1645 1067 1722 clamor,
1101 1644 1253 1724 quod
1283 1646 1449 1708 etiam
1476 1643 1759 1705 silentium
1784 1653 2030 1713 maneat;
2063 1662 2174 1722 quo
2201 1663 2342 1723 eg0,

354 1747 491 1788 cum
521 1729 648 1789 dico
683 1728 777 1788 vel
818 1731 1034 1806 recito,
1079 1747 1190 1789 non
1232 1730 1411 1788 minus
1447 1745 1610 1807 quam
1655 1728 1899 1789 clamore
1935 1727 2223 1806 delector,
2266 1731 2346 1790 sit

361 1813 527 1873 modo
559 1813 840 1874 silentium
869 1832 1000 1873 acre
1023 1822 1081 1873 et
1107 1814 1380 1873 intentum
1410 1822 1467 1873 et
1491 1811 1753 1889 cupidum
1772 1811 2039 1871 ulteriora
2059 1812 2341 1873 audiendi.
2461 1872 2462 1875 ,

311 1894 483 1961 8Ηοε
506 1897 691 1958 fructu
718 1907 893 1977 tanto,
927 1908 1037 1959 tam
1064 1906 1260 1976 parato
1293 1897 1488 1958 desine
1518 1894 1699 1957 studia
1719 1904 1812 1957 tua
1833 1896 2037 1959 infinita
2065 1898 2171 1958 ista
2202 1915 2339 1957 cun·
2360 1910 2428 1963 20

363 1985 604 2042 ctatione
635 1983 923 2051 fraudare3
960 2000 1103 2059 quae
1134 1998 1262 2041 cum
1290 1980 1513 2039 modum
1543 1979 1790 2058 excedit,
1821 1980 2127 2040 verendum
2156 1991 2345 2044 estne
2451 1997 2463 2076 †

360 2068 593 2126 inertiae
627 2075 687 2127 et
707 2067 956 2128 desidiae
983 2062 1079 2124 vel
1113 2066 1279 2126 etiam
1308 2063 1611 2126 timiditatis
1646 2081 1852 2126 nomen
1878 2067 2134 2143 accipiat.
2175 2064 2341 2126 Vale.
2461 2085 2462 2132 ι

1292 2194 1392 2256 XI.

895 2296 950 2351 ε.
988 2293 1235 2347 Pmes
1266 2296 1556 2348 ARMANo
1594 2297 1712 2349 suo
1746 2296 1798 2352 s,
2358 2326 2425 2379 25

310 2415 341 2465 1
482 2400 642 2461 Solet
676 2418 808 2459 esse
840 2397 1043 2475 gaudio
1077 2398 1208 2475 tibi,
1236 2399 1441 2477 siquid
1472 2410 1657 2461 actum
1686 2409 1776 2461 est
1806 2400 1862 2459 in
1889 2408 2086 2460 senatu
2114 2399 2346 2477 dignum

361 2485 558 2546 ordine
597 2482 713 2542 illo.
780 2481 1044 2555 Quamvis
1087 2482 1234 2540 enim
1265 2485 1471 2559 quietis
1506 2502 1696 2545 amore
1745 2486 2089 2563 secesseriS,
2134 2485 2346 2545 insidet

357 2579 545 2629 tamen
574 2569 754 2626 animo
787 2576 885 2626 tuo
927 2567 1230 2626 maiestatis
1260 2568 1520 2645 publicae
1554 2587 1701 2629 cura.
1763 2569 1987 2647 Accipe
2016 2584 2156 2645 ergo
2187 2567 2347 2646 quod

361 2671 468 2732 per
494 2650 599 2711 hos
631 2650 752 2709 dies
774 2659 959 2709 actum
985 2658 1097 2727 est,
1130 2668 1409 2728 personae
1433 2651 1682 2714 claritate
1712 2651 2005 2728 famosum,
2032 2652 2346 2713 severitate

308 2734 605 2813 2exempli
639 2732 898 2811 salubre,
945 2736 1028 2793 rei
1069 2736 1444 2811 magnitudine
1489 2746 1794 2799 aeternum.
1859 2734 2064 2796 Marius
2109 2734 2427 2799 Priscus-30

359 2817 751 2879 accusantibus
783 2816 958 2894 Afris,
990 2818 1189 2896 quibus
1219 2838 1324 2898 pro
1348 2821 1583 2882 consule
1610 2820 1872 2900 praefuit,
1906 2822 2112 2882 omissa
2140 2819 2343 2879 defen-

359 2903 522 2961 sione
550 2901 766 2962 iudices
790 2904 971 2982 petiit.
1010 2901 1137 2979 Ego
1161 2912 1219 2962 et
1248 2902 1546 2966 Cornelius
1576 2903 1801 2966 Tacitus
1818 2950 1836 2982 ,
1875 2904 2079 2964 adesse
2107 2905 2342 2982 provin-

360 2984 593 3045 cialibus
621 2986 792 3063 iussi,
824 2988 1257 3047 existimavimus
1281 2988 1412 3050 fidei
1444 2998 1669 3048 nostrae
1696 2989 1998 3051 convenire
2023 2998 2218 3047 notum
2242 3006 2340 3048 se-

357 3070 506 3128 natui
546 3067 738 3131 facere
780 3072 1104 3131 excessisse
1136 3070 1386 3131 Priscum
1414 3065 1729 3132 inmanitate
1760 3082 1820 3132 et
1847 3073 2078 3131 saevitia
2106 3072 2341 3131 crimina
2460 3082 2462 3140 l

359 3152 559 3229 quibus
590 3153 704 3213 dari
731 3155 946 3215 iudices
967 3164 1224 3235 possent,
1253 3173 1378 3214 cum
1403 3155 1476 3214 ob
1498 3157 1829 3217 innoeentes
1854 3154 2334 3234 condemnandos,
2353 3164 2427 3216 35
2461 3147 2462 3204 ἶ

308 3236 774 3299 3interficiendos
820 3241 1017 3316 etiam,
1047 3233 1329 3319 'pecunias
1367 3241 1708 3317 accepisset.
1778 3238 2094 3318 Respondit
2122 3237 2340 3299 Fronto
2460 3225 2462 3290 l

361 3316 551 3383 Catius
591 3322 1041 3403 deprecatusque
1083 3330 1174 3383 est
1210 3340 1284 3381 ne
1330 3322 1461 3400 quid
1501 3323 1645 3384 ultra
1681 3323 2113 3403 repetundarum
2141 3320 2341 3399 legem

359 3417 746 3488 quaereretur,
781 3409 1077 3485 omniaque
1104 3407 1339 3467 actionis
1370 3424 1505 3469 suae
1534 3407 1684 3488 vela,
1715 3409 1801 3467 vir
1830 3407 2223 3468 movendarum
2254 3406 2340 3468 la-
