2467 3850
693 182 1217 246 EPISTULARUM
1250 182 1380 245 1111.
1424 195 1509 247 12.
1541 193 1625 248 13.
2089 182 2126 246 7
2131 183 2169 246 5

160 338 396 401 Mereor
423 346 486 397 ut
511 338 760 398 vicissim
790 337 923 416 quid
952 340 1007 398 in
1040 338 1252 418 oppido
1281 345 1411 416 tuo,
1454 337 1588 415 quid
1617 339 1672 396 in
1702 337 1942 397 finitimis
1972 346 2168 413 agatur
2188 347 2252 401 16

164 423 391 502 (solent
421 425 571 482 enim
599 422 869 501 quaedam
899 423 1162 483 notabilia
1192 421 1478 502 incidere)
1521 421 1872 500 perscribas:
1925 419 2168 498 denique

164 506 439 586 quidquid
480 506 681 584 voles,
727 506 856 566 dum
891 508 1058 567 modo
1090 525 1202 566 non
1242 508 1423 566 minus
1466 506 1637 583 longa
1679 502 1920 583 epistula
1960 509 2170 567 nuntia.

161 591 290 669 Ego
320 609 438 651 non
469 594 702 669 paginas
745 600 955 653 tantum
998 591 1103 654 sed
1133 609 1337 651 versus
1367 594 1533 651 etiam
1580 588 1947 668 syllabasque
1976 608 2168 651 nume·

125 678 322 739 stabo.
386 675 549 735 Vale.

1107 808 1236 871 ΧΙΙ.

551 909 606 962 c,
648 908 898 960 PLINIUS
939 909 1207 960 MATuno
1245 908 1535 959 ARRIANO
1576 908 1695 961 suo
1731 908 1787 964 s,

289 1014 468 1075 Amas
501 1012 796 1092 Egnatium
830 1013 1218 1076 Marcellinum
1246 1025 1416 1094 atque
1447 1016 1615 1076 etiam
1643 1015 1775 1075 mihi
1806 1033 1982 1095 saepe
2014 1034 2166 1077 com·
2184 1032 2213 1082 1

98 1114 152 1166 10
165 1098 430 1159 mendas:
458 1101 666 1159 amabis
700 1102 877 1176 magis
906 1099 1461 1180 commendabisque‚
1492 1101 1541 1160 si
1566 1103 1906 1177 cognoveris
1932 1102 2054 1161 eius
2076 1119 2166 1161 re-

169 1202 310 1245 cens
342 1183 568 1243 factum.
635 1181 774 1242 Cum
805 1187 861 1243 in
891 1186 1239 1263 provinciam
1268 1195 1537 1263 quaestor
1559 1188 1778 1245 exisset
1808 1186 2217 1264 scribamque2

168 1270 264 1347 qui
306 1270 448 1329 sorti
497 1268 778 1345 obtigerat
818 1278 948 1329 ante
990 1268 1301 1347 legitimum
1351 1269 1538 1330 salarii
1586 1279 1812 1349 tempus
1861 1272 2165 1348 amisisset,

169 1353 323 1431 quod
366 1363 673 1432 acceperat
714 1354 939 1414 scribae
982 1354 1208 1414 daturus
1250 1353 1529 1414 intellexit
1559 1363 1618 1413 et
1648 1356 1841 1414 statuit
1872 1353 2170 1415 subsidere

168 1436 317 1515 apud
346 1455 413 1506 se
443 1454 555 1496 non
585 1446 876 1517 oportere.
914 1437 1109 1516 Itaque
1139 1455 1406 1499 reversus
1437 1436 1761 1515 Caesarem,
1788 1438 1990 1498 deinde
2023 1435 2215 1502 Cae-3

99 1544 155 1595 15
172 1540 301 1581 sare
352 1530 588 1580 auctore
632 1531 887 1581 senatum
928 1522 1211 1583 consuluit
1254 1522 1387 1601 quid
1428 1523 1550 1582 fieri
1597 1522 1668 1582 de
1723 1522 1927 1583 salario
1967 1522 2164 1583 vellet.

170 1604 347 1665 Parva
392 1607 687 1684 quaestio,
744 1605 848 1666 sed
878 1614 1074 1666 'tamen
1120 1609 1400 1685 quaestio.
1465 1606 1724 1667 Heredes
1767 1608 1990 1667 scribae
2037 1607 2166 1684 sibi,

169 1688 447 1769 praefecti
477 1692 653 1749 aerari
681 1690 897 1769 populo
924 1690 1294 1751 vindicabant.
1361 1691 1507 1751 Acta
1535 1708 1705 1750 causa
1743 1700 1861 1750 est:
1901 1691 2037 1750 dixit
2065 1691 2164 1751 he·
2183 1700 2218 1753 4

171 1772 368 1833 redum
397 1774 737 1851 advocatus,
781 1774 983 1835 deinde
1015 1774 1250 1853 populi,
1283 1784 1524 1853 uterque
1553 1774 1979 1852 percommode.
2023 1773 2166 1834 Cae·

174 1857 335 1918 cilius
370 1857 576 1918 Strabo
604 1861 821 1919 aerario
853 1862 1071 1919 censuit
1099 1858 1472 1936 inferendum,
1504 1858 1748 1917 Baebius
1777 1856 1972 1918 Macer
1992 1856 2170 1917 ¹here—

96 1942 339 2013 20dibus
371 1942 636 2004 dandum:
682 1945 919 2005 obtinuit
950 1945 1174 2005 Strab0.
1216 1942 1300 2002 Tu
1330 1941 1491 2002 lauda
1521 1941 1930 2018 Marcellinum,
1962 1952 2022 2002 ut
2055 1959 2166 2019 ego
2185 1952 2218 2003 5

174 2029 361 2088 statim
399 2028 533 2088 feci.
603 2027 869 2101 Quamvis
914 2031 1059 2089 enim
1099 2028 1317 2089 abunde
1362 2027 1607 2088 sufficiat
1635 2027 1716 2086 illi
1746 2026 1898 2106 quod
1931 2035 2022 2085 est
2050 2034 2109 2084 et
2137 2044 2168 2085 a

172 2114 433 2191 principe
468 2106 584 2172 et'a
615 2122 811 2174 senatu
842 2115 1111 2191 probatus
1132 2158 1149 2189 ,
1182 2112 1450 2190 gaudebit
1479 2121 1664 2172 tamen
1692 2113 2015 2172 testimonio
2043 2120 2165 2170 tuo.

175 2195 385 2256 Omnes
425 2197 571 2256 enim
616 2200 709 2275 qui
754 2198 934 2275 gloria
971 2198 1226 2276 famaque
1275 2197 1552 2257 ducuntur
1593 2199 1790 2256 mirum
1837 2197 1892 2254 in
1941 2195 2212 2256 modum6

172 2280 439 2341 adsensio
469 2290 527 2341 et
557 2279 679 2342 laus
711 2300 743 2342 a
769 2284 1076 2343 minoribus
1111 2284 1277 2342 etiam
1307 2281 1569 2360 profecta
1593 2281 1857 2341 delectat.
1913 2279 1995 2340 Te
2026 2295 2168 2339 vero

96 2362 536 2428 25Marcellinus
570 2367 645 2426 ita
679 2377 978 2427 reveretur
1004 2376 1065 2426 ut
1092 2366 1301 2425 iudicio
1330 2376 1429 2427 tuo
1459 2366 1756 2444 plurimum
1781 2366 2001 2425 tribuat.
2057 2363 2217 2423 Ac·7

176 2449 328 2509 cedit
358 2450 444 2510 his
478 2450 661 2527 quod,
712 2453 760 2511 si
803 2453 1137 2529 cognoverit
1178 2450 1387 2510 factum
1429 2469 1589 2511 suum
1631 2453 1740 2511 isto
1777 2468 1957 2528 usque
1996 2466 2168 2527 peue-

174 2542 359 2593 trasse
380 2580 396 2611 ‚
445 2552 691 2595 necesse
733 2544 822 2595 est
864 2532 1040 2597 laudis
1081 2552 1217 2596 suae
1254 2538 1440 2614 spatio
1469 2545 1529 2595 et
1558 2553 1723 2595 cursu
1755 2544 1814 2594 et
1843 2534 2170 2611 peregrina·

173 2619 328 2676 tione
360 2617 620 2678 laetetur.
676 2618 931 2697 Etenim,
968 2622 1168 2681 nescio
1202 2636 1317 2697 quo
1345 2629 1549 2700 pacto,
1580 2618 1673 2679 vel
1708 2620 1886 2695 magis
1913 2616 2169 2697 homines

171 2702 324 2760 iuvat
353 2702 537 2779 gloria
563 2702 675 2763 lata
703 2722 865 2782 quam
892 2722 1109 2782 magna.
1175 2702 1341 2764 Vale.

95 2799 160 2853 3⁰
1102 2836 1256 2897 xm.

98 2976 158 2993 a·-
360 2980 368 2987 .
669 2946 672 2949 '
750 2934 804 2988 C.
841 2934 1090 2986 PLINIUS
1126 2933 1356 2985 TACITO
1385 2933 1504 2986 SUO
1534 2933 1592 2984 S.

90 2993 196 3105 J..
299 3038 530 3098 Salvum
567 3049 625 3100 te
680 3042 737 3100 in
777 3040 973 3100 urbem
1020 3041 1251 3100 venisse
1298 3039 1549 3116 gaudem
1602 3037 1808 3097 venisti
1847 3046 2064 3113 autem,
2118 3038 2212 3099 sil

176 3122 399 3201 quando
442 3124 612 3201 alias,
664 3134 811 3184 nun'c
855 3127 1097 3185 maxime
1137 3124 1270 3183 mihi
1302 3123 1676 3184 desideratus.
1739 3118 1874 3199 Ipse
1915 3119 2170 3199 pauculis

95 3217 160 3272 35
175 3207 360 3268 adbuc
401 3207 601 3270 diebus
630 3210 686 3268 in
726 3209 1048 3268 Tusculano
1091 3207 1515 3284 commorabor,
1558 3215 1620 3265 ut
1651 3205 1986 3284 opusculum
2019 3205 2172 3284 quod

176 3295 344 3352 estin
367 3293 622 3353 manibus
643 3293 948 3353 absolvam.
993 3292 1215 3352 Vereor
1245 3294 1391 3351 enim
1420 3310 1514 3368 ne,
1547 3293 1595 3351 si
1630 3289 1773 3350 hanc
1806 3291 2225 3349 intentionem2

176 3378 284 3435 iam
312 3379 368 3436 in
398 3376 509 3437 [ine
539 3377 826 3454 laxavero,
857 3385 1031 3454 aegre
1061 3394 1360 3438 resumam.
1422 3375 1648 3435 Interim
1677 3393 1751 3434 ne
1781 3373 1913 3452 quid
1943 3372 2173 3433 festina-

176 3463 313 3521 tioni
341 3479 505 3521 meae
526 3470 748 3541 pereat,
779 3462 931 3540 quod
959 3479 1081 3521 sum
1104 3479 1378 3540 praesens
1402 3462 1679 3537 petiturus
1703 3458 1807 3517 hac
1830 3459 1989 3534 quasi
2011 3472 2172 3532 prae·

233 3760 242 3764 ·
307 3751 354 3779 ·
2244 3708 2448 3804 ΑΖΔ
