2467 3850
747 167 1263 230 EPISTULARUM
1292 169 1365 228 11.
1407 177 1491 241 13.
1525 178 1605 232 14.
2074 169 2155 234 35

86 372 92 381 ⁴
177 319 401 398 qualis,
447 337 611 398 quam
642 308 910 396 probatus
941 338 1216 398 carusque
1250 322 1321 380 sit
1350 321 1547 397 nobis,
1582 338 1746 398 quem
1771 338 1914 402 rogo
1943 339 2047 400 pro
2076 323 2157 382 in-

180 405 381 480 genio,
414 421 522 481 pro
552 402 771 462 fortuna
798 413 889 462 tua
918 419 1185 464 exornes.
1227 403 1291 462 In
1322 406 1511 481 primis
1544 422 1662 463 ama
1696 404 2001 464 hominem:
2036 423 2160 464 nam

181 487 326 547 licet
366 487 582 547 tribuas
622 487 677 546 ei
714 496 974 563 quantum
1003 486 1398 565 amplissimum
1426 497 1628 566 potes,
1670 486 1804 546 nihil
1835 497 2017 548 tamen
2046 506 2158 546 am-

182 571 338 649 plius
368 580 540 648 potes
571 570 809 630 amicitia
835 579 957 636 tua;
989 571 1146 630 cuius
1178 576 1313 631 esse
1343 590 1471 631 eum
1503 590 1683 649 usque
1716 570 1785 629 ad
1809 571 2049 630 intimam
2079 571 2160 630 fa-

139 654 562 718 5miliaritatem
593 670 860 731 capacem
905 669 1017 730 quo
1049 655 1226 729 magis
1269 655 1482 730 scires,
1533 655 1779 714 breviter
1817 655 1914 713 tibi
1958 654 2157 730 studia,

185 755 404 814 mores,
435 753 654 796 omnem
682 735 923 814 denique
954 737 1122 795 vitam
1153 738 1276 798 eius
1309 738 1585 816 expressi.
1627 736 2004 797 Extenderem
2034 756 2161 816 pre·
2179 752 2235 802 11

189 840 319 897 ces,
348 822 456 885 uisi
485 830 542 880 et
564 830 624 880 tu
652 822 836 896 rogari
866 819 956 878 diu
980 819 1188 896 nolles,
1220 832 1278 881 et
1305 838 1416 898 ego
1443 823 1560 881 tota
1585 821 1695 880 hoc
1726 820 1966 898 epistula
1992 821 2160 882 fecis·

187 922 342 964 sem:
387 912 549 981 rogat
579 905 755 979 enim,
801 912 858 962 et
887 902 1111 981 quidem
1138 904 1565 982 efficacissime,
1609 906 1703 983 qui
1744 904 1926 964 reddit
1967 923 2162 965 causas

186 987 444 1066 rogandi.
496 986 657 1046 Vale.

114 1090 175 1140 ¹⁰
1095 1119 1275 1182 xnn.

737 1218 790 1272 C.
831 1219 1081 1271 PLINIUS
1116 1219 1378 1271 MAXIMO
1411 1219 1528 1271 SUO
1563 1220 1619 1270 S.

313 1321 524 1380 Verum
550 1322 820 1399 opinaris:
868 1322 1186 1398 destringor
1226 1320 1717 1382 centumviralibus
1762 1324 1980 1399 causis,
2025 1333 2214 1401 quael

190 1423 280 1465 me
313 1415 585 1465 exercent
613 1406 787 1480 magis
823 1423 985 1482 quam
1016 1405 1320 1466 delectant.
1361 1406 1500 1465 Sunt
1530 1407 1675 1465 enim
1704 1405 2011 1483 pleraeque
2040 1425 2165 1484 par-

118 1502 176 1551 15
191 1508 297 1548 vae
328 1498 387 1547 et
411 1486 599 1547 exilis:
645 1505 771 1548 raro
811 1489 1001 1551 incidit
1026 1488 1120 1548 vel
1152 1507 1517 1567 personarum
1553 1489 1802 1549 claritate
1832 1489 1926 1548 vel
1957 1492 2168 1567 negotii

190 1570 569 1648 magnitudine
603 1571 857 1648 insignis.
908 1572 999 1631 Ad
1025 1572 1137 1632 hoc
1170 1575 1336 1651 pauci
1373 1591 1498 1632 cum
1530 1573 1730 1650 quibus
1760 1575 1911 1633 iuvet
1942 1573 2131 1633 dicere
2152 1596 2165 1633 :
2185 1579 2217 1629 2

194 1656 376 1716 ceteri
406 1654 649 1716 audaces
681 1665 850 1732 atque
892 1658 1055 1715 etiam
1093 1674 1292 1732 magna
1334 1675 1406 1715 ex
1446 1654 2042 1732 parte*adulescentuli
2070 1657 2167 1718 ob·

193 1741 349 1801 scuri
397 1737 466 1797 ad
511 1737 927 1798 declamandum
979 1738 1089 1798 huc
1128 1740 1495 1813 transierunt,
1548 1749 1657 1798 tam
1696 1740 2083 1799 inreverenter
2112 1751 2169 1800 et
2227 1773 2231 1777 ·

195 1833 415 1882 temere
452 1831 510 1881 ut
552 1821 681 1880 mihi
711 1820 912 1882 Atilius
954 1832 1149 1881 noster
1176 1839 1451 1899 expresse
1483 1821 1691 1880 dixisse
1720 1820 1971 1881 videatur
1999 1825 2084 1882 sic
2115 1825 2169 1881 in

116 1922 180 1976 20
195 1907 321 1966 foro
350 1922 560 1984 pueros
597 1925 627 1965 a
660 1905 1149 1966 centumviralibus
1189 1906 1373 1965 causis
1404 1905 1681 1983 auspicari
1716 1914 1777 1964 ut
1816 1905 1884 1964 ab
1923 1903 2168 1966 Homero

194 1993 250 2049 in
280 1989 515 2051 scholiS.
570 1988 707 2050 Nam
739 1990 830 2049 hic
872 2008 1097 2068 quoque
1139 1999 1196 2048 ut
1227 1989 1346 2049 illic
1373 1991 1606 2067 primum
1637 1990 1827 2067 coepit
1857 2007 1989 2048 esse
2020 1990 2170 2065 quod

191 2076 486 2134 maximum
517 2083 624 2133 est.
678 2074 753 2133 At
781 2071 1028 2133 Hercule
1060 2083 1187 2133 ante
1223 2074 1542 2132 memoriam
1570 2090 1748 2132 meam
1790 2073 1895 2149 (ita
1928 2072 2222 2138 maiores3

194 2169 324 2218 natu
355 2157 541 2217 solent
571 2157 796 2234 dicere)
831 2176 901 2217 ne
944 2156 1306 2238 nobilissimis
1347 2157 1568 2235 quidem
1595 2155 2050 2219 adulescentibus
2085 2156 2168 2214 lo·

197 2260 296 2302 cus
338 2251 458 2301 erat
498 2243 603 2301 nisi
643 2240 830 2318 aliquo
867 2238 1146 2302 consulari
1188 2241 1568 2319 producente:
1617 2250 1766 2300 tanta
1806 2241 2170 2300 veneratione

120 2335 180 2387 25
197 2324 629 2404 pulcherrimum
659 2340 802 2402 opus
837 2323 1146 2384 colebatur.
1188 2322 1351 2385 Nunc
1378 2325 1638 2385 refractis
1667 2324 1896 2401 pudoris
1920 2334 1978 2383 et
2006 2342 2167 2383 reve·
2184 2331 2219 2383 4

195 2411 407 2469 tentiae
442 2408 700 2468 claustris
728 2407 905 2467 omnia
933 2418 1125 2487 patent
1157 2409 1432 2484 omnibus,
1467 2427 1576 2467 nec
1599 2408 1929 2468 inducuntur
1956 2407 2058 2467 sed
2090 2409 2172 2466 in-

195 2502 474 2571 rumpunt.
543 2493 862 2570 Sequuntur
886 2492 1168 2551 auditores
1203 2493 1487 2552 actoribus
1528 2491 1777 2568 similes,
1823 2490 2087 2551 conducti
2118 2500 2174 2549 et
2254 2493 2326 2564 γ’

195 2576 501 2654 redempti:
548 2594 815 2654 manceps
862 2578 1218 2636 convenitur:
1266 2577 1323 2634 in
1360 2576 1541 2635 media
1580 2575 1812 2636 basilica
1854 2583 1966 2634 tam
1993 2574 2176 2652 palam

197 2659 485 2739 sportulae
519 2678 678 2737 quam
715 2662 768 2718 in
803 2658 1043 2720 triclinio
1079 2660 1301 2719 dantur:
1340 2678 1413 2719 ex
1440 2658 1644 2719 iudicio
1677 2660 1734 2717 in
1765 2657 2028 2716 iudicium
2057 2659 2176 2736 pari
2277 2710 2287 2721 ,

93 2748 97 2753 ’
124 2743 460 2820 30mercede
486 2747 760 2803 transitur.
826 2742 960 2802 Inde
984 2745 1088 2802 iam
1110 2761 1221 2802 non
1243 2744 1507 2803 inurbane
1532 2743 1877 2819 σοφοκλεῖς
1899 2751 2172 2800 vocantur
2189 2752 2221 2802 5

201 2818 350 2905 [ἀπὸ
376 2826 499 2885 τοῦ
524 2828 748 2904 σοφῶς
771 2822 878 2885 καὶ
901 2826 1269 2903 καλεῖσθαι]
1290 2849 1302 2885 :
1327 2826 1506 2886 isdem
1517 2825 1763 2885 Latinum
1783 2841 1986 2884 nomen
2017 2825 2175 2903 inpo·
2220 2853 2224 2857 ·

199 2913 363 2972 situm
400 2921 489 2970 est
518 2910 814 2970 laudiceni.
856 2908 930 2989 Et
970 2921 1153 2970 tamen
1186 2912 1394 2969 crescit
1424 2911 1479 2970 in
1512 2911 1632 2969 dies
1661 2907 1902 2968 foeditas
1943 2917 2226 2987 utraque6

198 2994 384 3071 lingua
415 3004 620 3054 notata.
663 2993 813 3054 Here
849 2993 958 3053 duo
987 2991 1437 3053 nomenclatores
1467 2995 1576 3053 mei
1608 2992 1843 3070 (habent
1867 3011 2002 3052 sane
2026 3003 2176 3052 aeta-

199 3088 308 3138 tem
352 3095 548 3137 eorum
603 3080 697 3155 qui
746 3095 926 3155 nuper
966 3087 1128 3154 togas
1177 3078 1545 3154 sumpserint)
1598 3077 1772 3135 ternis
1826 3075 2065 3136 denariis
2109 3076 2180 3135 ad

128 3165 186 3219 35
197 3160 524 3222 laudandum
554 3161 928 3223 trahebantur.
971 3161 1129 3220 Tanti
1160 3170 1382 3220 constat
1404 3171 1464 3221 ut
1491 3162 1570 3221 sis
1593 3160 2012 3220 disertissimus·
2053 3158 2179 3219 Hoc

202 3249 380 3323 pretio
439 3245 743 3323 quamlibet
786 3262 1083 3305 numerosa
1135 3242 1406 3303 subsellia
1452 3243 1764 3323 inplentur,
1820 3243 1933 3303 hoc
1977 3245 2177 3320 ingens

204 3348 405 3390 corona
442 3329 748 3406 colligitur,
778 3328 891 3389 hoc
920 3329 1111 3388 infiniti
1136 3326 1413 3387 clamores
1438 3337 1877 3403 commoventur,
1911 3345 2033 3386 cum
2066 3332 2225 3385 me-'7

203 3414 477 3497 sochorus
507 3413 658 3474 dedit
688 3414 934 3490 signum:
973 3430 1116 3490 opus
1151 3420 1241 3471 est
1270 3411 1415 3471 enim
1444 3413 1609 3491 siguo
1641 3410 1805 3551 apud3
1817 3428 1929 3526 pon
1959 3408 2175 3469 intelle·
