2467 3850
323 167 450 236 258
1187 167 1251 234 G.
1295 166 1487 230 PLINI

328 331 824 402 contemptumque
842 323 1035 383 mortis
1062 322 1439 398 accenderet,
1472 338 1598 381 cum
1620 321 1676 382 iu
1704 338 1996 384 servorum
2019 322 2184 383 etiam
2213 341 2313 384 no-

324 408 657 485 xiorumque
690 406 1025 484 corporibus
1064 422 1218 465 amor
1246 405 1423 465 laudis
1459 414 1518 465 et
1550 406 1754 483 cupido
1796 408 2068 467 victoriae
2113 425 2313 467 cerne-

323 501 499 552 retur.
572 488 750 563 Quam
789 490 991 549 deinde
1019 492 1088 548 ·in
1131 488 1354 548 edendo
1383 487 1806 566 liberalitatem,
1858 507 2022 569 quam
2050 492 2315 552 iustitiam

321 575 611 650 exhibuit,
654 575 802 632 omui
843 573 1165 633 adfectione
1208 582 1305 632 aut
1329 575 1570 633 intactus
1598 582 1690 632 aut
1720 573 1922 634 maior!
1966 571 2314 650 Inpetratum

326 668 419 719 est
452 657 602 735 quod
630 655 1050 735 postulabatur,
1085 655 1332 716 oblatum
1360 654 1512 734 quod
1540 673 1651 715 non
1682 655 2099 736 postulabatur<
2143 657 2361 719 Iusti-5

322 744 389 802 tit
418 741 566 801 ultro
595 750 653 801 et
677 749 739 799 ut
769 741 1308 818 concupisceremus
1338 739 1651 816 admonuit,
1683 758 1750 799 ac
1780 742 1865 801 sic
1895 757 2120 820 quoque
2147 740 2313 820 plura

320 827 630 903 inopinata,
677 822 835 901 plura
867 824 1065 883 subita.
1132 822 1246 883 Iam
1282 840 1441 901 quam
1481 823 1660 884 libera
1698 826 2068 902 spectantium
2105 824 2310 903 studia,
2365 819 2377 828 '

323 927 486 988 quam
524 926 760 968 securus
803 906 990 967 favor!
1063 907 1285 966 Nemini
1323 908 1596 985 inpietas,
1652 916 1712 966 ut
1753 907 2011 983 solebat,
2059 908 2310 985 obiecta,

322 993 475 1071 quod
506 991 720 1052 'odisset
742 990 1142 1068 gladiatorem:
1169 1008 1349 1050 nemo
1379 1009 1413 1050 e
1447 1000 1769 1068 spectatore
1809 990 2196 1069 spectaculum
2227 992 2309 1051 fa-

324 1087 481 1153 ctuS,
512 1077 745 1135 miseras
778 1074 1098 1154 voluptates
1122 1092 1269 1134 unco
1298 1083 1356 1135 et
1376 1076 1599 1151 ignibus
1629 1076 1896 1152 expiavit.
1934 1075 2180 1135 Demens
2210 1074 2309 1133 ille
2329 1089 2391 1140 10

320 1162 556 1238 verique
587 1159 818 1219 honoris
849 1161 1074 1236 ignarus
1107 1160 1202 1236 qui
1236 1160 1462 1217 crimina
1490 1160 1791 1220 maiestatis
1820 1160 1875 1217 in
1908 1157 2115 1217 harena
2146 1157 2309 1218 colli·

320 1245 493 1321 gebat
535 1260 604 1301 ac
639 1261 705 1302 se
744 1241 964 1320 despici
1008 1252 1068 1303 et
1109 1244 1428 1318 contemni,
1477 1244 1584 1303 nisi
1619 1245 1783 1303 etiam
1811 1241 2152 1319 gladiatores
2182 1245 2310 1305 eius

317 1343 742 1402 veneraremur,
787 1327 893 1385 sibi
927 1325 1071 1386 male
1103 1325 1213 1386 dici
1250 1325 1475 1404 inillis,
1521 1343 1674 1386 suam
1718 1327 2091 1402 divinitatem,
2144 1344 2309 1386 suum

318 1429 522 1471 numen
538 1408 736 1469 violari
756 1410 1245 1489 interpretabatur,
1271 1427 1509 1488 cumque
1533 1427 1597 1468 se
1625 1409 1772 1469 idem
1796 1410 1946 1487 quod
1969 1409 2130 1486 deos,
2154 1410 2309 1470 idem

220 1498 304 1562 34
323 1492 664 1572 gladiatores
697 1493 846 1572 quod
874 1513 940 1554 se
973 1493 1217 1571 putabat.
1287 1494 1364 1553 At
1390 1504 1485 1570 tu,
1536 1490 1781 1568 Caesar,
1817 1510 1978 1571 quam
2006 1493 2306 1571 pulchrum
2323 1509 2386 1561 15

322 1575 708 1655 spectaculum
736 1594 841 1655 pro
885 1577 985 1638 illo
1024 1577 1186 1638 nobis
1216 1576 1524 1638 execrabili
1555 1576 1869 1636 reddidisti!
1924 1575 2169 1636 Vidimus
2204 1576 2304 1636 de-

319 1660 557 1721 latorum
585 1661 879 1738 iudicium,
912 1664 1070 1740 quasi
1093 1671 1472 1738 grassatorum
1484 1677 1505 1737 ¹,
1537 1662 1694 1738 quasi
1722 1659 2014 1720 latronum.
2053 1659 2179 1720 Non
2208 1678 2305 1720 so-

319 1744 606 1805 litudinem
632 1744 748 1822 illi,
792 1761 905 1805 non
938 1748 1077 1822 iter,
1119 1746 1222 1805 sed
1262 1743 1564 1822 templum,
1608 1744 1714 1828 sed
1741 1743 1923 1803 forum
1948 1744 2303 1805 insederant·

318 1827 472 1889 nulla
498 1831 602 1888 iam
632 1838 962 1892 testamenta
989 1846 1221 1906 secura,
1253 1828 1440 1889 nullus
1469 1838 1646 1889 status
1677 1839 1897 1889 certus:
1924 1845 2037 1888 non
2067 1829 2301 1905 orbitaS,
2453 1813 2455 1892 4

315 1930 432 1974 non
469 1913 632 1975 liberi
675 1913 997 1993 proderant.
1059 1912 1314 1974 Auxerat
1347 1913 1458 1973 hoc
1487 1911 1689 1972 malum
1717 1915 2027 1992 principum
2054 1913 2299 1973 avaritia.
2318 1922 2385 1974 20

315 1997 624 2058 Advertisti
671 1998 869 2058 oculos
909 2008 1080 2075 atque
1119 2006 1182 2057 ut
1208 2007 1337 2059 ante
1380 2000 1579 2058 castris
1610 2000 1684 2059 ita
1713 2007 1914 2074 postea
1943 2014 2143 2076 pacem
2168 1997 2301 2056 foro

317 2081 635 2142 reddidisti:
665 2081 922 2142 excidisti
951 2084 1274 2142 intestinum
1301 2081 1503 2140 malum
1536 2090 1594 2141 et
1620 2081 1855 2159 provida
1877 2083 2182 2141 severitate
2206 2098 2302 2139 ca·
2451 2124 2453 2165 1

319 2167 451 2224 visti
482 2183 554 2224 ne
585 2165 808 2226 fundata
836 2165 1059 2242 legibus
1091 2167 1289 2225 civitas
1318 2183 1526 2226 ‘eversa
1549 2165 1773 2242 legibus
1793 2164 2096 2225 videretur.
2139 2163 2304 2224 Licet

319 2265 462 2324 ergo
478 2265 603 2306 cum
625 2248 842 2308 fortuna
864 2258 980 2308 tum
1004 2249 1311 2310 liberalitas
1325 2258 1416 2310 tua
1439 2249 1670 2309 visenda
1694 2249 1857 2309 nobis
1879 2249 2224 2327 praebuerit,
2238 2252 2305 2306 ut

316 2332 606 2410 praebuit,
644 2350 791 2391 nunc
815 2333 1064 2410 iugentia
1084 2334 1290 2394 robora
1317 2336 1561 2393 virorum
1599 2342 1656 2392 et
1682 2350 1848 2410 pares
1871 2334 2113 2408 animos,
2149 2333 2384 2391 nuuc25

315 2416 688 2474 inmanitatem
711 2414 973 2493 ferarum,
988 2436 1135 2477 nunc
1159 2416 1639 2478 mansuetudinem
1661 2417 2017 2493 incognitam,
2032 2433 2180 2475 nunc
2207 2433 2303 2476 se·

281 2498 296 2519 ⁸
318 2508 502 2558 cretas
524 2497 649 2557 illas
688 2508 747 2558 et
770 2517 1000 2561 arcanas
1036 2518 1104 2561 ac
1130 2502 1235 2561 sub
1259 2511 1316 2561 te
1343 2504 1579 2580 primum
1603 2517 1926 2559 communes
1953 2517 2126 2578 opes;
2162 2497 2304 2558 nibil

314 2591 499 2643 tamen
514 2584 747 2661 gratius,
763 2582 896 2643 nibil
922 2584 1155 2644 saeculo
1181 2586 1401 2661 dignius
1429 2602 1592 2663 quam
1617 2584 1766 2662 quod
1792 2586 2027 2660 contigit
2050 2583 2305 2660 desuper

314 2668 518 2727 intueri
553 2666 861 2727 delatorum
884 2670 1080 2745 supina
1106 2686 1202 2728 ora
1221 2678 1578 2746 retortasque
1605 2670 1882 2727 cervices.
1925 2667 2303 2743 Agnosceba·

313 2768 438 2812 mus
469 2759 537 2811 et»
548 2751 901 2829 fruebamur,
941 2769 1067 2811 cum
1089 2750 1249 2811 velut
1273 2751 1589 2830 piaculares
1616 2751 1875 2827 publicae
1900 2750 2299 2813 sollicitudinis
2316 2755 2384 2809 30

313 2836 573 2895 victimae
608 2853 778 2913 supra
816 2838 1143 2913 sanguinem
1177 2838 1468 2905 noxiorum
1501 2834 1570 2895 ad
1593 2833 1744 2895 lenta
1768 2834 2047 2912 supplicia
2074 2835 2303 2911 gravio-

312 2934 523 2996 resque
550 2935 764 2996 poenas
789 2918 1145 2980 ducerentur.
1178 2916 1453 2997 Congesti
1474 2929 1600 2980 sunt
1625 2920 1680 2979 in
1704 2920 1924 2996 navigia
1945 2920 2146 2996 raptim
2161 2934 2303 2977 con-

316 3002 517 3076 quisita
540 3019 607 3060 ac
632 3003 1060 3082 tempestatibus
1085 3001 1287 3063 dediti:
1323 3004 1561 3080 abirent,
1587 3001 1850 3078 fugerent
1872 3011 2115 3063 vastatas
2142 2999 2302 3060 dela-

314 3081 560 3143 tionibus
580 3093 788 3155 terras;
823 3104 891 3146 ac
920 3088 969 3147 si
993 3103 1160 3165 quem
1184 3085 1388 3148 fluctus
1413 3105 1482 3147 ac
1506 3084 1796 3165 procellae
1827 3085 2081 3164 scopulis
2105 3102 2304 3144 reser-

315 3173 566 3240 vassent,
590 3165 682 3223 hic
703 3168 847 3230 nuda
870 3188 1002 3230 saxa
1028 3179 1085 3230 et
1109 3169 1444 3248 inhospitale
1471 3168 1602 3229 litus
1625 3167 1933 3246 incoleret,
1972 3177 2170 3247 ageret
2193 3166 2299 3227 du·
2315 3176 2384 3230 35

315 3262 432 3305 ram
458 3253 517 3304 et
538 3249 751 3307 anxiam
773 3254 940 3312 vitam
955 3299 974 3330 ,
1011 3253 1323 3331 relictaque
1348 3263 1481 3333 post
1501 3262 1720 3330 tergum
1744 3256 1916 3313 totius
1941 3252 2170 3329 generis
2192 3250 2301 3310 hu-

218 3331 298 3396 35
318 3330 464 3387 mani
487 3331 787 3390 securitate
808 3342 1103 3395 maereret.
1144 3335 1503 3405 Memoranda
1528 3337 1726 3413 facies,
1757 3335 2067 3396 delatorum
2089 3334 2299 3395 classis

319 3411 597 3491 permissa
619 3414 870 3477 omnibus
894 3421 1079 3480 ventis
1107 3428 1416 3500 coactaque
1438 3421 1566 3483 vela
1589 3419 2018 3501 tempestatibus
2040 3418 2299 3502 pandere
