2467 3850
330 152 413 214 80
1161 147 1231 212 G.
1278 148 1471 211 PLINI

329 304 434 365 Est
465 302 691 380 quidem
718 302 851 362 mihi
882 320 1009 363 cum
1042 304 1155 364 isto
1190 314 1385 364 contra
1417 320 1586 382 quem
1614 322 1704 365 me
1735 305 1979 367 advocas
2010 321 2125 365 non
2157 304 2330 381 plane

214 427 219 433 ·
284 386 624 449 3familiaris
666 386 769 446 sed
807 397 991 447 tamen
1032 390 1297 447 amicitia.
1356 388 1599 448 Accedit
1641 389 1752 447 huc
1793 388 2039 467 dignitas
2079 389 2330 449 hominis

332 482 501 550 atque
528 471 619 529 hic
645 472 773 548 ipse
808 472 900 529 cui
932 469 1245 532 destinatus
1275 480 1365 531 est
1390 472 1599 540 honor:
1635 475 1798 533 cuius
1818 474 1988 535 nobis
2014 472 2128 533 hoc
2150 475 2333 531 maior

329 554 585 616 habenda
616 557 936 614 reverentia
972 565 1062 616 est
1102 556 1257 634 quod
1291 557 1398 615 iam
1427 556 1531 616 illo
1563 557 1740 616 functi
1782 575 1994 618 sumus.
2053 556 2329 616 Naturale

330 648 421 699 est
461 640 610 699 enim
648 648 709 698 ut
742 656 812 698 ea
853 655 998 716 quae
1041 643 1168 716 quis
1209 639 1448 716 adeptus
1489 649 1578 700 est
1620 643 1747 718 ipse
1780 659 1945 719 quam
1979 640 2375 718 amplissima5

283 723 644 786 4existimari
677 721 836 781 velit.
897 722 1015 781 Sed
1054 722 1189 783 mihi
1228 726 1500 800 cogitanti
1538 724 1855 785 adfuturum
1889 743 1980 784 me
2014 722 2237 785 Corelli
2270 723 2330 783 fi·

333 806 440 866 liae
486 808 669 865 omnia
710 808 817 866 ista
857 805 1059 883 frigida
1101 817 1160 867 et
1200 810 1382 866 inania
1422 807 1702 867 videntur.
1768 808 2118 869 Obversatur
2142 804 2331 867 oculis

333 889 433 950 ille
461 891 570 965 vir,
608 907 722 967 quo
754 893 1033 949 neminem
1058 900 1212 952 aetas
1248 900 1440 951 nostra
1473 894 1793 968 graviorem
1827 893 2171 954 sanctiorem
2195 890 2329 951 sub·

331 974 582 1033 tiliorem
615 973 771 1043 tulit;
806 991 973 1052 quem
1003 993 1116 1051 ego
1149 992 1276 1033 cum
1311 994 1382 1035 ex
1420 975 1785 1036 admiratione
1821 976 2062 1053 diligere
2095 976 2331 1053 coepis-

332 1075 477 1135 sem,
507 1056 659 1136 quod
691 1060 921 1117 evenire
967 1069 1161 1118 contra
1188 1059 1373 1136 solet,
1411 1061 1590 1136 magis
1633 1059 1932 1120 admiratus
1962 1077 2119 1135 sum,
2165 1066 2326 1136 post·
2346 1066 2413 1127 10

286 1153 503 1219 5quam
535 1144 761 1219 penitus
805 1143 1049 1219 inspexi.
1112 1142 1342 1220 Inspexi
1373 1145 1522 1202 enim
1553 1146 1808 1221 penitus:
1850 1143 1988 1203 nibil
2024 1160 2056 1201 a
2099 1159 2200 1201 me·
2228 1140 2329 1201 ille

336 1234 655 1302 secretum,
685 1242 799 1284 non
830 1225 1111 1295 ioculare
1147 1244 1262 1285 non
1291 1229 1536 1304 serium,
1567 1244 1681 1287 non
1711 1229 1908 1306 triste,
1952 1245 2067 1286 non
2095 1225 2329 1286 laetum.

267 1308 818 1373 6Adulescentulus
847 1327 1033 1386 eram,
1086 1319 1144 1369 et
1176 1314 1288 1370 iam
1319 1311 1453 1370 mihi
1484 1311 1555 1372 ab
1593 1310 1693 1370 illo
1722 1310 1906 1373 honor
1933 1320 2102 1388 atque
2135 1311 2351 1407 etiam,-

331 1393 554 1453 audebo
585 1393 814 1470 dicere,
857 1396 1177 1454 reverentia
1207 1404 1270 1453 ut
1300 1393 1521 1471 aequali
1550 1394 1882 1454 habebatur.
1936 1393 2044 1454 Ille
2074 1411 2238 1454 meus
2271 1387 2351 1451 ἰιι

332 1477 597 1557 petendis
631 1477 943 1537 bonoribus
973 1477 1310 1554 suffragator
1336 1488 1394 1538 et
1426 1480 1614 1559 testis,
1645 1477 1793 1538 ille
1776 1498 1832 1537 ιιι
1864 1476 2196 1537 inchoandis
2230 1477 2412 1541 de-15

333 1561 535 1621 ductor
569 1570 629 1621 et
660 1579 879 1637 comes,
904 1560 1046 1621 ille
1030 1580 1085 1620 m
1115 1562 1385 1638 gerendis
1411 1562 1745 1622 consiliator
1766 1572 1825 1622 et
1852 1571 2065 1639 rector,
2097 1560 2197 1619 ille
2228 1560 2331 1619 de·

336 1648 507 1723 nique
540 1646 598 1708 iu
632 1646 892 1705 omnibus
927 1644 1133 1705 officiis
1175 1648 1421 1723 nostris,
1476 1664 1808 1724 quamquam
1841 1656 1897 1705 et
1932 1644 2237 1705 inbecillus
2268 1653 2334 1703 et

286 1739 317 1794 7
337 1732 559 1805 senior,
607 1731 767 1806 quasi
801 1731 1021 1789 iuvenis
1054 1738 1111 1788 et
1139 1729 1360 1792 validus
1393 1731 1870 1808 conspiciebatur.
1916 1729 2196 1801 Quantum
2227 1726 2335 1788 ille

336 1813 516 1873 famae
545 1827 703 1873 meae
738 1812 911 1892 domi,
946 1815 1002 1872 in
1033 1813 1302 1891 publico,
1339 1823 1604 1892 qnantum
1636 1815 1803 1874 etiam
1833 1813 1981 1891 apud
2010 1814 2335 1892 principem

287 1896 635 1964 Sadstruxit!
676 1896 816 1957 Nam
859 1915 985 1957 cum
1031 1899 1179 1958 forte
1225 1897 1296 1957 de
1343 1899 1505 1959 bonis
1546 1898 1843 1959 iuvenibus
1889 1898 2039 1976 apud
2082 1895 2333 1957 Nervam
2348 1901 2416 1954 20

334 1985 733 2059 imperatorem
760 2000 950 2042 sermo
978 1982 1274 2042 incidisset
1305 1992 1364 2042 et
1397 1983 1661 2060 plerique
1693 2000 1782 2042 me
1807 1981 2064 2042 laudibus
2088 1981 2333 2059 ferrent,

335 2064 632 2144 paulisper
662 2083 727 2125 se
760 2067 902 2124 intra
933 2064 1221 2125 silentium
1250 2070 1464 2144 tenuit,
1508 2066 1656 2143 quod
1693 2066 1777 2126 illi
1805 2066 2103 2144 plurimum
2133 2075 2336 2125 aucto·

333 2151 514 2209 ritatis
547 2147 815 2216 addebat:
863 2147 1067 2208 deinde
1098 2151 1375 2225 gravitate
1402 2167 1567 2224 quam
1594 2167 1762 2210 noras
1795 2156 2064 2211 ‘necesse
2096 2155 2210 2211 est'
2243 2151 2333 2207 in·

336 2231 472 2311 quid
515 2233 765 2308 ‘parcius
803 2230 1026 2291 laudem
1068 2232 1425 2309 Secundum,
1477 2235 1608 2311 quia
1647 2233 1787 2294 nihil
1827 2236 1935 2294 nisi
1977 2251 2050 2293 ex
2080 2232 2334 2294 consilio

286 2325 466 2378 9meo
495 2314 677 2373 facit?
734 2313 858 2385 Qua
889 2332 1034 2374 voce
1067 2315 1263 2376 tribuit
1290 2318 1423 2377 mihi
1458 2327 1722 2396 quantum
1750 2327 1952 2396 petere
1977 2327 2117 2378 voto
2152 2320 2336 2376 iumoe
2350 2323 2418 2374 25

335 2398 521 2458 dicum
552 2406 706 2473 erat,
750 2396 892 2456 nihil
924 2416 1015 2458 me
1043 2399 1235 2460 facere
1271 2418 1384 2461 non
1412 2403 1849 2480 sapientissime,
1882 2419 2009 2460 cum
2039 2404 2224 2461 omnia
2255 2419 2339 2460 ex

336 2480 578 2541 consilio
622 2482 1023 2559 sapientissimi
1055 2484 1162 2542 viri
1192 2483 1459 2545 facerem.
1523 2485 1672 2557 Quin
1701 2487 1869 2545 etiam
1897 2487 2147 2546 moriens
2176 2484 2334 2544 filiae

334 2583 504 2642 suae,
554 2575 614 2624 ut
642 2566 769 2643 ipsa
795 2565 946 2626 solet
975 2567 1305 2645 praedicare
1325 2615 1343 2647 ‚
1378 2569 1609 2630 ‘multos
1633 2569 1860 2648 quidem
1887 2571 2100 2629 amicos
2130 2570 2233 2629 tibi
2265 2577 2337 2628 ut

334 2649 592 2727 longiore
633 2652 747 2710 vita
780 2652 1001 2727 paravi,
1048 2655 1393 2730 praecipuos
1436 2664 1619 2713 tamen
1654 2652 1977 2712 Secundum
2019 2663 2079 2714 et
2108 2652 2334 2712 Cornu·

252 2745 318 2797 10
334 2739 493 2794 tum!
531 2732 699 2808 Quod
731 2752 858 2793 cum
883 2736 1190 2813 recordor,
1231 2738 1509 2816 intellego
1550 2738 1684 2811 mihi
1724 2737 2086 2797 laborandum
2115 2756 2187 2796 ne
2218 2744 2420 2815 qua30

334 2827 493 2895 parte
535 2818 731 2878 videar
767 2818 910 2878 hanc
952 2819 1023 2879 de
1062 2837 1152 2878 me
1189 2821 1448 2881 fiduciam
1492 2820 1975 2900 providentissimi
2014 2823 2120 2879 viri
2151 2821 2334 2880 desti-

252 2913 313 2964 11
333 2903 532 2962 tuisse.
574 2901 761 2974 Quare
788 2921 899 2980 ego
929 2920 1070 2963 vero
1112 2901 1400 2965 Corelliae
1435 2905 1609 2966 adero
1638 2907 2059 2983 promptissime
2093 2922 2204 2964 nec
2233 2923 2334 2964 su-

333 2985 457 3044 bire
500 2985 746 3046 offensas
781 2987 1095 3048 recusabo:
1144 3004 1475 3068 quamquam
1500 3007 1613 3050 non
1642 2988 1827 3049 solum
1855 2989 2077 3048 veniam
2105 3006 2197 3049 me
2225 3007 2335 3048 ve-

332 3086 455 3127 rum
499 3070 668 3129 etiam
695 3068 917 3130 laudem
944 3071 1094 3148 apud
1126 3073 1295 3132 istum
1333 3075 1518 3151 ipsum
1549 3091 1586 3133 a
1625 3090 1777 3151 quo,
1814 3081 1875 3131 ut
1908 3076 2027 3150 ais,
2062 3086 2220 3132 nova
2253 3070 2333 3134 lis
2462 3070 2463 3141 l

333 3152 578 3212 fortasse
608 3160 669 3212 ut
698 3152 941 3214 feminae
969 3155 1277 3215 intenditur
1303 3157 1544 3217 arbitror
1583 3165 2051 3233 consecuturum,
2098 3159 2153 3217 si
2183 3156 2463 3223 haec35

334 3236 532 3296 eadem
567 3237 624 3295 in
650 3238 909 3315 actione,
950 3238 1119 3299 latius
1150 3239 1374 3301 scilicet
1406 3250 1464 3301 et
1495 3240 1726 3302 uberius
1755 3254 1918 3317 quam
1952 3240 2333 3319 epistularum

332 3322 625 3398 angustiae
656 3321 873 3398 sinunt,
904 3321 1041 3382 vel
1024 3341 1080 3381 m
1109 3327 1534 3386 excusationem
1559 3323 1656 3386 vel
1687 3325 1854 3387 etiam
1883 3325 2333 3387 commendatio-

332 3421 461 3465 nem
492 3421 672 3463 meam
701 3403 915 3465 dixero.
979 3405 1140 3467 Vale.
2458 3448 2464 3525 3
