2467 3850
241 177 245 190 ·
317 139 399 205 62
1155 137 1220 198 C.
1261 136 1452 197 PLINI

317 291 494 372 qualis
526 308 659 352 esse
690 290 896 352 debeat
938 292 1206 370 princeps
1246 289 1539 368 pulchrum
1581 286 1831 368 quidem,
1857 288 1960 349 sed
1994 306 2298 351 onerosum

313 394 382 436 ac
411 393 594 455 prope
634 376 939 455 superbum
982 382 1100 450 est,
1143 373 1370 433 laudare
1411 388 1548 431 vero
1591 375 1854 451 optimum
1886 375 2201 451 principem
2230 391 2296 432 ac

313 477 419 539 per
445 460 556 519 hoc
582 461 829 538 posteris
859 458 1015 517 velut
1044 477 1079 517 e
1111 456 1344 536 specula
1377 456 1560 515 lumen
1592 456 1743 534 quod
1772 466 2075 534 sequautur
2105 466 2295 516 osten·

263 542 450 607 4dere
480 542 627 602 idem
656 542 906 602 utilitatis
933 543 1135 617 habet,
1188 540 1546 618 adrogantiae
1572 539 1724 599 nihil.
1794 538 1938 619 Cepi
1969 550 2152 601 autem
2184 558 2296 600 non
2462 519 2463 596 l

312 626 653 685 mediocrem
681 626 1023 705 voluptatem
1054 624 1241 703 quod,
1271 625 1418 684 hunc
1449 622 1646 684 librum
1677 641 1804 684 cum
1832 627 2024 684 amicis
2053 626 2295 684 recitare
2314 636 2351 688 5

311 710 655 787 voluissem,
688 726 799 770 non
829 726 935 787 per
963 707 1291 784 codicillos,
1323 726 1433 769 non
1465 726 1571 786 per
1599 706 1857 784 libellos,
1903 707 2004 767 sed
2035 710 2111 768 ‘si
2142 725 2294 768 com·

310 794 555 853 modum'
605 803 662 853 et
702 797 773 853 ‘si
813 792 978 852 valde
1031 796 1283 852 vacaret’
1325 791 1584 851 admoniti
1627 795 1947 870 (numquam
1986 808 2160 871 porro
2201 800 2296 851 aut

311 877 477 937 valde
520 885 683 937 vacat
723 877 939 936 Romae
980 885 1073 935 aut
1115 875 1469 935 commodum
1520 883 1610 936 est
1660 874 1852 934 audire
1901 876 2290 955 recitantem),

312 961 653 1021 foedissimis
697 963 928 1038 insuper
965 960 1423 1038 tempestatibus,
1467 977 1572 1037 per
1612 958 1839 1018 biduum
1881 969 2286 1035 convenerunt,

314 1063 550 1123 cumque
578 1044 851 1104 modestia
879 1062 1003 1103 mea
1025 1045 1190 1103 finem
1211 1045 1521 1103 recitationi
1544 1042 1736 1102 facere
1760 1041 2057 1121 voluisset,
2089 1051 2150 1101 ut
2171 1042 2283 1102 adi·
2311 1048 2382 1099 10

258 1145 292 1195 5
310 1146 498 1188 cerem
536 1130 755 1188 tertium
795 1127 941 1186 diem
984 1137 1311 1204 exegerunt.
1374 1125 1510 1207 Mihi
1549 1126 1695 1185 hunc
1736 1126 2005 1186 honorem
2043 1126 2289 1187 habitum

311 1221 502 1293 putem
532 1232 599 1272 an
629 1208 869 1272 studiis?
899 1210 1097 1271 studiis
1119 1210 1310 1287 malo,
1360 1229 1503 1289 quae
1533 1226 1714 1289 prope
1744 1212 1987 1270 extincta
2019 1210 2287 1269 refoven-

256 1307 412 1365 6tur.
473 1295 562 1355 Ad
604 1298 693 1354 cui
735 1297 1000 1355 materiae
1039 1295 1181 1354 hanc
1219 1293 1567 1355 sedulitatem
1595 1291 2032 1372 praestiterunt?
2079 1312 2287 1373 nempe

308 1399 471 1461 quam
497 1381 555 1440 in
586 1389 783 1439 senatu
815 1396 1041 1457 quoque
1061 1424 1077 1454 ‚
1121 1377 1216 1437 ubi
1243 1380 1465 1457 perpeti
1493 1394 1734 1437 necesse
1762 1387 1910 1453 erat,
1955 1380 2175 1455 gravari
2206 1388 2286 1436 ta·

303 1483 431 1523 men
459 1463 551 1522 vel
581 1472 792 1542 puncto
820 1463 1091 1540 temporis
1132 1461 1453 1522 solebamus
1471 1506 1488 1537 ‚
1534 1460 1766 1520 eandem
1795 1477 1939 1519 nunc
1981 1470 2039 1520 et
2069 1463 2164 1539 qui
2192 1479 2283 1520 re·
2305 1470 2376 1521 15

307 1550 479 1606 citare
525 1556 582 1605 et
625 1548 718 1625 qui
758 1546 950 1605 audire
990 1544 1171 1604 triduo
1212 1545 1389 1604 velint
1428 1546 1810 1620 inveniuntur,
1861 1562 1971 1604 non
2002 1547 2131 1623 quia
2164 1545 2285 1604 elo·

306 1632 569 1710 quentius
604 1648 765 1708 quam
795 1632 983 1709 prius,
1027 1628 1131 1689 sed
1167 1631 1295 1707 quia
1326 1629 1588 1704 liberiuS,
1635 1627 1878 1705 ideoque
1901 1631 2074 1688 etiam
2104 1627 2285 1688 liben-

254 1723 285 1777 7
303 1718 414 1775 tius
460 1715 736 1774 scribitur.
797 1712 1054 1772 Accedet
1096 1730 1235 1790 ergo
1277 1713 1388 1773 hoc
1434 1729 1659 1791 quoque
1712 1711 1967 1771 laudibus
2009 1714 2282 1791 principis

304 1800 511 1875 nostri,
557 1797 706 1877 quod
746 1816 840 1857 res
870 1807 1030 1857 antea
1067 1806 1177 1856 tam
1207 1799 1385 1857 invisa
1415 1814 1577 1874 quam
1606 1794 1745 1855 falsa
1775 1814 1921 1854 nuuc
1951 1806 2010 1855 ut
2037 1814 2174 1855 vera
2205 1797 2284 1855 ita

252 1883 555 1946 Bamabilis
586 1883 732 1943 facta
762 1891 867 1942 est.
921 1879 1037 1941 Sed
1066 1897 1177 1959 ego
1210 1899 1336 1941 cum
1365 1880 1601 1941 studium
1633 1878 1967 1940 audientium
1995 1889 2111 1939 tum
2142 1878 2282 1939 iudi·
2301 1878 2377 1932 20

305 1970 450 2027 cium
476 1969 614 2026 mire
643 1967 905 2044 probavi:
948 1964 1306 2025 animadverti
1335 1967 1479 2024 enim
1510 1966 1865 2024 severissima
1898 1982 2158 2043 quaeque
2184 1963 2285 2022 vel

251 2054 537 2114 9maxime
581 2050 929 2109 satisfacere.
991 2047 1215 2106 Memini
1262 2048 1485 2126 quidem
1513 2067 1603 2106 me
1642 2065 1754 2106 non
1781 2046 1965 2106 multis
2005 2051 2282 2108 recitasse

303 2133 452 2211 quod
483 2133 735 2193 omnibus
766 2133 989 2209 scripsi,
1025 2130 1195 2189 nihilo
1224 2134 1401 2190 minus
1431 2139 1646 2207 tamen,
1680 2142 1951 2207 tamquam
1981 2133 2053 2191 sit
2083 2130 2284 2190 eadem

302 2219 541 2274 omnium
573 2215 754 2274 futura
783 2215 1077 2284 sententia,
1106 2214 1211 2272 hac
1243 2216 1545 2275 severitate
1574 2217 1783 2274 aurium
1805 2213 2004 2291 laetor,
2039 2234 2107 2274 ac
2130 2217 2282 2275 sicut

303 2298 432 2357 olim
465 2299 678 2358 theatra
708 2297 851 2356 male
880 2299 1130 2357 musicos
1160 2315 1364 2357 canere
1389 2297 1714 2374 docuerunt,
1749 2301 1826 2357 ita
1851 2316 1997 2357 nunc
2028 2301 2083 2357 in
2115 2317 2282 2375 spem
2300 2302 2370 2353 25

300 2380 551 2441 adducor
576 2397 751 2458 posse
782 2381 902 2439 lieri
934 2389 993 2439 ut
1022 2379 1214 2439 eadem
1245 2382 1456 2442 theatra
1489 2382 1637 2442 bene
1667 2400 1870 2441 canere
1899 2384 2148 2442 musicos
2181 2381 2282 2440 do·

217 2476 285 2529 lo
302 2475 484 2525 ceant.
531 2462 738 2524 Omnes
770 2465 916 2522 enim
948 2466 1041 2542 qui
1071 2464 1327 2543 placendi
1357 2484 1523 2525 causa
1552 2466 1800 2526 scribunt
1835 2465 2014 2544 qualia
2044 2466 2282 2545 placere

295 2549 537 2608 viderint
578 2548 841 2607 scribent.
910 2547 997 2606 Ac
1025 2548 1160 2607 mihi
1191 2549 1415 2627 quidem
1446 2549 1665 2610 confido
1697 2552 1751 2607 in
1781 2549 1892 2609 hoc
1921 2567 2138 2626 genere
2167 2568 2281 2608 ma-

295 2635 469 2693 teriae
515 2632 763 2692 laetioris
806 2630 919 2690 stili
962 2643 1219 2693 constare
1263 2636 1566 2709 rationem,
1613 2651 1737 2691 cum
1781 2650 1846 2692 ea
1895 2635 2083 2712 potius
2132 2651 2281 2711 quae

296 2719 548 2795 pressius
580 2725 637 2775 et
665 2715 987 2775 adstrictius
1032 2734 1197 2794 quam
1235 2717 1330 2778 illa
1371 2735 1514 2796 quae
1557 2715 1785 2776 hilarius
1827 2725 1884 2776 et
1928 2719 2086 2795 quasi
2118 2716 2374 2775 exul-30

293 2803 493 2860 tantius
536 2802 740 2880 scripsi
782 2801 1000 2878 possint
1040 2801 1219 2861 videri
1259 2803 1538 2862 accersita
1580 2809 1637 2859 et
1684 2799 1936 2860 inducta:
1987 2817 2097 2859 non
2144 2800 2279 2861 ideo

292 2895 476 2943 tamen
519 2887 747 2961 segnius
791 2899 998 2962 precor
1038 2895 1098 2945 ut
1153 2884 1488 2964 quandoque
1527 2885 1713 2942 veniat
1756 2883 1876 2945 dies
1922 2885 2280 2963 (utinamque

291 2969 395 3027 iam
422 2971 640 3028 venerit
652 2967 698 3046 i)
733 2984 844 3047 quo
875 2970 1114 3028 austeris
1147 2968 1258 3029 illis
1303 2971 1634 3045 severisque
1666 2967 1847 3028 dulcia
1873 2968 2016 3027 haec
2047 2967 2280 3027 blanda-

211 3066 272 3116 11
293 3070 403 3130 que
436 3050 531 3110 vel
570 3053 711 3112 iusta
751 3054 1125 3131 possessione
1168 3053 1459 3113 decedant.
1522 3051 1710 3111 Habes
1756 3061 1882 3111 acta
1921 3070 2049 3110 mea
2078 3050 2280 3117 tridui:

290 3136 492 3214 quibus
524 3139 761 3213 coguitis
792 3133 944 3195 volui
990 3144 1197 3196 tantum
1225 3146 1282 3195 te
1313 3135 1615 3214 voluptatis
1647 3135 1939 3195 absentem
1970 3145 2028 3194 et
2057 3134 2276 3195 studio·
2294 3144 2370 3199 35

287 3237 408 3278 rum
433 3222 655 3279 nomine
683 3229 742 3279 et
767 3236 895 3278 meo
939 3237 1177 3298 capere,
1223 3229 1483 3298 quantum
1523 3236 1796 3297 praesens
1829 3221 2136 3300 percipere
2169 3237 2276 3299 po-

286 3305 511 3365 tuisses.
575 3303 734 3364 Vale.
