2467 3850
577 198 1097 265 EPISTULARUM
1117 203 1296 264 V1111.
1323 215 1405 269 16.
1431 213 1519 269 17.
1547 214 1630 268 18.
1652 214 1735 268 19.
2042 206 2160 270 185

1054 355 1289 416 XVIIII.

740 468 795 520 C.
835 468 1082 521 PLINIUS
1119 469 1354 521 RUSONI
1387 469 1507 522 SUO
1545 468 1600 523 S.

295 604 591 682 Significas
624 603 843 682 legisse
877 616 935 667 te
964 608 1019 665 in
1056 605 1289 686 quadam
1328 607 1569 686 epistula
1599 625 1722 667 mea
1751 608 1987 668 iussisse
2018 607 2153 668 Ver·
2176 622 2205 672 1

123 690 387 767 5ginium
409 687 616 748 Rufum
646 689 877 749 inscribi
905 690 1174 769 sepulcro
1204 708 1332 767 suo,

383 771 490 831 Hic
519 774 659 833 situs
693 783 783 833 est
807 772 1020 850 Rufus,
1054 774 1221 853 pulso
1253 776 1348 853 qui
1372 775 1607 835 Vindice
1637 772 1915 854 quondam

464 859 752 936 imperium
781 857 1030 918 adseruit
1056 876 1167 917 non
1196 859 1303 918 sihi
1333 858 1437 918 sed
1465 860 1694 936 patriae.

171 938 566 1018 Reprehendis
623 942 773 1018 quod
826 943 1087 1019 iusserit,
1147 942 1304 1001 addis
1362 944 1527 1003 etiam
1574 941 1778 1002 melius
1834 945 2160 1022 rectiusque

171 1022 528 1101 Frontinum,
562 1024 713 1104 quod
740 1028 984 1085 vetuerit
1015 1028 1237 1085 omnino
1269 1035 1683 1086 monumentum
1718 1027 1826 1088 sibi
1856 1026 1977 1085 lieri
1998 1073 2014 1103 ,
2046 1046 2161 1086 me-

85 1124 158 1175 10
176 1125 286 1186 que
315 1107 385 1167 ad
415 1117 721 1168 extremum
753 1109 885 1186 quid
914 1109 985 1169 de
1008 1119 1250 1188 utroque
1281 1111 1514 1171 sentiam
1546 1111 1816 1171 consulis.
1854 1109 2162 1188 Utrumque
2180 1118 2214 1170 2

174 1191 381 1267 dilexi,
412 1193 638 1250 miratus
667 1210 790 1252 sum
820 1195 996 1271 magis
1028 1212 1195 1273 quem
1227 1204 1289 1254 tu
1314 1193 1718 1273 reprehendis,
1751 1195 1939 1273 adque
1959 1197 2036 1253 ita
2061 1197 2162 1253 mi·

171 1285 326 1335 ratus
360 1284 417 1335 ut
460 1292 571 1335 non
599 1285 850 1355 putarem
882 1280 1017 1338 satis
1057 1296 1318 1356 umquam
1359 1297 1535 1358 posse
1572 1278 1781 1339 laudari
1826 1281 1984 1338 cuius
2013 1296 2161 1338 nunc

171 1359 306 1419 mihi
335 1359 623 1420 subeunda
656 1359 915 1421 defensio
956 1371 1061 1422 est.
1127 1361 1335 1422 Omnes
1378 1381 1491 1440 ego
1531 1365 1624 1441 qui
1667 1381 1925 1440 magnum
1952 1361 2213 1440 aliquid3

173 1443 702 1521 memorandumque
733 1444 991 1504 fecerunt
1021 1462 1133 1505 non
1172 1446 1340 1506 modo
1374 1448 1539 1506 venia
1569 1465 1765 1506 verum
1800 1448 1965 1506 etiam
1998 1446 2162 1506 laude

89 1539 157 1590 15
175 1526 537 1604 dignissimos
566 1528 789 1604 iudicO,
833 1530 881 1588 si
927 1529 1391 1590 immortalitatem
1441 1548 1603 1608 quam
1641 1548 1897 1590 meruere
1941 1539 2160 1589 sectan-

174 1621 265 1671 tur
293 1613 609 1690 victurique
637 1613 877 1671 nominis
907 1612 1104 1671 famam
1134 1616 1413 1692 supremis
1444 1616 1609 1673 etiam
1647 1612 1822 1674 titulis
1851 1631 2162 1692 prorogare

172 1697 435 1755 nituntur.
501 1695 628 1756 Nec
671 1694 839 1755 facile
884 1713 1216 1774 quemquam
1259 1699 1368 1756 nisi
1394 1697 1719 1772 Verginium
1747 1699 1971 1757 invenio
2004 1700 2217 1756 cuius4

174 1788 324 1838 tanta
355 1781 411 1838 in
444 1778 824 1858 praedicando
869 1779 1211 1839 verecundia
1242 1789 1441 1858 quanta
1472 1780 1651 1857 gloria
1687 1798 1760 1839 ex
1790 1780 1961 1839 facto.
2027 1780 2160 1857 Ipse
2180 1788 2212 1838 5

177 1882 299 1924 sum
327 1865 514 1942 testis,
548 1862 897 1924 familiariter
920 1863 989 1922 ab
1021 1881 1091 1924 eo
1123 1863 1365 1924 dilectus
1396 1864 1804 1943 probatusque,
1837 1863 2017 1922 semel
2048 1881 2163 1922 om-

86 1949 308 2007 20nino
337 1965 428 2007 me
454 1947 714 2008 audiente
743 1956 1077 2027 provectum
1111 1958 1171 2008 ut
1200 1949 1272 2008 de
1300 1948 1472 2009 rebus
1502 1950 1617 2009 suis
1651 1948 1763 2008 hoc
1789 1964 1957 2007 unum
1985 1946 2164 2007 refer·

171 2040 283 2107 ret,
312 2032 389 2092 ita
414 2050 606 2093 secum
635 2031 933 2112 aliquando
961 2029 1219 2091 Cluvium
1254 2032 1503 2093 locutum
1534 2034 1697 2110 ‘scis,
1731 2032 1986 2108 Vergini,
2021 2049 2164 2109 quae

172 2116 441 2176 historiae
473 2115 616 2176 fides
644 2116 946 2177 debeatur:
976 2116 1213 2195 proinde
1237 2119 1287 2177 si
1318 2119 1449 2195 quid
1481 2119 1537 2176 in
1568 2116 1814 2176 historiis
1843 2117 1984 2175 meis
2016 2115 2164 2190 legis

173 2199 339 2260 aliter
380 2217 448 2259 ac
484 2200 664 2277 velis,
726 2218 872 2278 rogo
915 2201 1227 2278 ignoscas'.
1292 2200 1382 2260 Ad
1420 2202 1531 2261 hoc
1573 2200 1672 2260 ille
1720 2206 1878 2260 ‘tune
1915 2202 2163 2276 ignoras,

176 2282 366 2360 Cluvi,
399 2283 529 2343 ideo
559 2301 648 2343 me
678 2282 890 2345 fecisse
929 2284 1080 2363 quod
1108 2284 1258 2361 feci,
1288 2294 1348 2345 ut
1377 2294 1535 2346 esset
1562 2286 1798 2344 liberum
1826 2283 1991 2343 vobis
2024 2284 2163 2343 scri·

88 2375 156 2426 25
176 2369 317 2428 here
355 2385 497 2446 quae
527 2366 854 2429 libuisset'?
891 2369 1021 2446 Age
1051 2368 1201 2445 dum,
1239 2369 1387 2428 huhc
1417 2372 1600 2448 ipsum
1627 2368 1946 2428 Frontinum
1972 2364 2027 2426 in
2052 2365 2215 2426 hocfi

174 2454 305 2529 ipso
338 2454 394 2511 in
423 2469 535 2530 quo
570 2452 669 2511 tihi
702 2455 927 2530 parcior
950 2453 1172 2514 videtur
1200 2461 1260 2512 et
1301 2456 1554 2531 pressior
1584 2470 1987 2531 comparemus.
2053 2450 2164 2510 Ve-

174 2537 282 2595 tuit
312 2537 529 2596 exstrui
558 2538 984 2596 monimentum:
1024 2538 1129 2597 sed
1160 2538 1365 2616 quibus
1401 2535 1636 2597 verbis?
1681 2540 1944 2614 ‘inpensa
1973 2553 2165 2594 monu-

175 2621 352 2679 menti
383 2636 734 2696 supervacua
764 2628 882 2679 est:
924 2623 1193 2680 memoria
1229 2622 1409 2681 nostri
1453 2621 1702 2696 durabit,
1735 2622 1783 2679 si
1811 2621 1927 2678 vita
1960 2619 2165 2675 merui·

174 2706 347 2763 mus.'
410 2703 499 2762 An
527 2704 844 2762 restrictius
883 2704 1167 2763 arbitraris
1197 2721 1305 2782 per
1340 2705 1534 2763 orbem
1563 2713 1833 2762 terrarum
1864 2699 2166 2776 legendum

88 2796 160 2849 30
178 2786 311 2846 dare
337 2785 649 2844 duraturam
676 2787 999 2845 memoriam
1029 2805 1181 2846 suam
1211 2805 1375 2863 quam
1410 2804 1516 2846 uno
1548 2787 1604 2844 in
1630 2786 1765 2844 loco
1796 2785 2013 2844 duobus
2038 2801 2166 2841 ver-

176 2869 376 2931 siculis
410 2870 633 2945 signare
677 2868 830 2946 quod
873 2867 1129 2928 feceris?
1175 2869 1514 2947 Quamquam
1546 2887 1659 2928 non
1687 2868 1872 2928 haheo
1902 2868 2215 2944 proposi-7

174 2962 293 3013 tum
324 2952 481 3011 illum
506 2951 993 3029 reprehendendi,
1038 2952 1143 3012 sed
1170 2952 1320 3014 hunc
1350 2952 1572 3012 tuendi:
1606 2954 1765 3011 cuius
1799 2968 1942 3028 quae
1974 2960 2166 3029 potest

176 3036 328 3115 apud
357 3046 415 3095 te
446 3036 646 3094 iustior
676 3053 807 3095 esse
853 3034 1144 3112 defensio,
1190 3053 1353 3113 quam
1386 3054 1458 3095 ex
1495 3035 1811 3096 conlatione
1842 3036 1967 3095 eius
1997 3052 2163 3113 quem

177 3117 538 3200 praetulisti?
599 3118 731 3179 Meo
775 3119 1000 3197 quidem
1041 3119 1249 3179 iudicio
1296 3128 1497 3179 neuter
1538 3119 1876 3197 culpandus,
1931 3130 2216 3197 quorum&

88 3215 160 3267 35
178 3212 419 3282 uterque
448 3203 515 3263 ad
548 3202 786 3282 gloriam
816 3206 936 3280 pari
970 3203 1305 3281 cupiditate,
1348 3203 1573 3264 diverso
1612 3204 1810 3263 itinere
1855 3203 2164 3280 contendit,

180 3287 357 3364 alter,
403 3288 531 3347 dum
573 3290 791 3366 expetit
833 3287 1057 3350 debitos
1104 3288 1331 3366 titulos,
1373 3286 1549 3366 alter,
1591 3288 1719 3347 dum
1747 3286 1955 3348 mavult
1988 3287 2167 3347 videri

182 3374 612 3450 contempsisse.
672 3371 835 3432 Vale.
