<?xml version="1.0" encoding="UTF-8"?>
<!DOCTYPE html PUBLIC "-//W3C//DTD XHTML 1.0 Transitional//EN"
    "http://www.w3.org/TR/xhtml1/DTD/xhtml1-transitional.dtd">
<html xmlns="http://www.w3.org/1999/xhtml" xml:lang="en" lang="en">
 <head>
  <title>
</title>
<meta http-equiv="Content-Type" content="text/html;charset=utf-8" />
  <meta name='ocr-system' content='tesseract 3.04.00' />
  <meta name='ocr-capabilities' content='ocr_page ocr_carea ocr_par ocr_line ocrx_word'/>
</head>
<body>
  <div class='ocr_page' id='page_1' title='image "./cplinicaecilise00unkngoog_0228.png"; bbox 0 0 2467 3850; ppageno 0'>
   <div class='ocr_carea' id='block_1_1' title="bbox 637 535 1918 859">
    <p class='ocr_par' dir='ltr' id='par_1_1' title="bbox 637 535 1918 859">
     <span class='ocr_line' id='line_1_1' title="bbox 706 535 1839 622; baseline -0.003 0"><span class='ocrx_word' id='word_1_1' title='bbox 706 539 804 622; x_wconf 69' lang='lat' dir='ltr'><strong>c.</strong></span> <span class='ocrx_word' id='word_1_2' title='bbox 861 536 1077 620; x_wconf 78' lang='lat' dir='ltr'><strong>PLlNl</strong></span> <span class='ocrx_word' id='word_1_3' title='bbox 1129 538 1442 622; x_wconf 75' lang='lat' dir='ltr'><strong>GAEelLt</strong></span> <span class='ocrx_word' id='word_1_4' title='bbox 1492 535 1839 621; x_wconf 80' lang='lat' dir='ltr'>SECUND!</span> 
     </span>
     <span class='ocr_line' id='line_1_2' title="bbox 781 670 1800 741; baseline -0.001 -2"><span class='ocrx_word' id='word_1_5' title='bbox 781 670 872 739; x_wconf 69' lang='lat' dir='ltr'><strong>an</strong></span> <span class='ocrx_word' id='word_1_6' title='bbox 908 671 1261 739; x_wconf 69' lang='lat' dir='ltr'><strong>ramnum</strong></span> <span class='ocrx_word' id='word_1_7' title='bbox 1295 671 1800 741; x_wconf 64' lang='lat' dir='ltr'><strong>mammonam</strong></span> 
     </span>
     <span class='ocr_line' id='line_1_3' title="bbox 637 786 1918 859; baseline -0.002 -1"><span class='ocrx_word' id='word_1_8' title='bbox 637 789 913 858; x_wconf 74' lang='lat' dir='ltr'><strong>&#39;rmum</strong></span> <span class='ocrx_word' id='word_1_9' title='bbox 967 789 1434 859; x_wconf 68' lang='lat' dir='ltr'><strong>mannonis</strong></span> <span class='ocrx_word' id='word_1_10' title='bbox 1490 789 1581 857; x_wconf 71' lang='lat' dir='ltr'><strong>An</strong></span> <span class='ocrx_word' id='word_1_11' title='bbox 1636 786 1918 856; x_wconf 64' lang='lat' dir='ltr'><strong>rumim</strong></span> 
     </span>
    </p>
   </div>
   <div class='ocr_carea' id='block_1_2' title="bbox 484 905 2120 1024">
    <p class='ocr_par' dir='ltr' id='par_1_2' title="bbox 484 905 2120 1024">
     <span class='ocr_line' id='line_1_4' title="bbox 484 905 2120 1024; baseline -0.002 0"><span class='ocrx_word' id='word_1_12' title='bbox 484 905 2120 1024; x_wconf 71' lang='lat' dir='ltr'><strong>EPISTULARUM</strong></span> 
     </span>
    </p>
   </div>
   <div class='ocr_carea' id='block_1_3' title="bbox 1188 1081 2336 1139">
    <p class='ocr_par' dir='ltr' id='par_1_3' title="bbox 1188 1081 2336 1139">
     <span class='ocr_line' id='line_1_5' title="bbox 1188 1081 2336 1139; baseline -0.001 0"><span class='ocrx_word' id='word_1_13' title='bbox 1188 1081 1399 1139; x_wconf 81' lang='lat' dir='ltr'><strong>LIBER.</strong></span> <span class='ocrx_word' id='word_1_14' title='bbox 2300 1082 2336 1138; x_wconf 78' lang='lat'>5</span> 
     </span>
    </p>
   </div>
   <div class='ocr_carea' id='block_1_4' title="bbox 740 1228 1845 1380">
    <p class='ocr_par' dir='ltr' id='par_1_4' title="bbox 740 1228 1845 1380">
     <span class='ocr_line' id='line_1_6' title="bbox 740 1228 1845 1380; baseline -0.001 -1"><span class='ocrx_word' id='word_1_15' title='bbox 740 1326 797 1380; x_wconf 79' lang='lat' dir='ltr'><strong>O.</strong></span> <span class='ocrx_word' id='word_1_16' title='bbox 833 1326 1081 1380; x_wconf 80' lang='lat' dir='ltr'><strong>PLINms</strong></span> <span class='ocrx_word' id='word_1_17' title='bbox 1109 1228 1395 1379; x_wconf 42' lang='lat' dir='ltr'><strong>TRA11A⁶N0</strong></span> <span class='ocrx_word' id='word_1_18' title='bbox 1430 1324 1845 1378; x_wconf 88' lang='lat' dir='ltr'><strong>IMPERATORI.</strong></span> 
     </span>
    </p>
   </div>
   <div class='ocr_carea' id='block_1_5' title="bbox 253 1427 2459 1932">
    <p class='ocr_par' dir='ltr' id='par_1_5' title="bbox 260 1427 2459 1677">
     <span class='ocr_line' id='line_1_7' title="bbox 260 1427 2288 1510; baseline -0 -20"><span class='ocrx_word' id='word_1_19' title='bbox 260 1446 291 1497; x_wconf 95' lang='lat'>1</span> <span class='ocrx_word' id='word_1_20' title='bbox 431 1427 552 1490; x_wconf 86' lang='lat' dir='ltr'><strong>Tua</strong></span> <span class='ocrx_word' id='word_1_21' title='bbox 591 1429 817 1509; x_wconf 83' lang='lat' dir='ltr'><strong>quidem</strong></span> <span class='ocrx_word' id='word_1_22' title='bbox 854 1430 1068 1509; x_wconf 88' lang='lat' dir='ltr'><strong>pietas,</strong></span> <span class='ocrx_word' id='word_1_23' title='bbox 1113 1431 1417 1510; x_wconf 88' lang='lat' dir='ltr'><strong>imperator</strong></span> <span class='ocrx_word' id='word_1_24' title='bbox 1455 1430 1845 1507; x_wconf 79' lang='lat' dir='ltr'><strong>sanctissime,</strong></span> <span class='ocrx_word' id='word_1_25' title='bbox 1891 1436 2184 1507; x_wconf 86' lang='lat' dir='ltr'><strong>optaverat</strong></span> <span class='ocrx_word' id='word_1_26' title='bbox 2224 1436 2288 1489; x_wconf 86' lang='lat' dir='ltr'><strong>ut</strong></span> 
     </span>
     <span class='ocr_line' id='line_1_8' title="bbox 307 1511 2284 1595; baseline -0.002 -20"><span class='ocrx_word' id='word_1_27' title='bbox 307 1533 470 1595; x_wconf 87' lang='lat' dir='ltr'><strong>quam</strong></span> <span class='ocrx_word' id='word_1_28' title='bbox 496 1513 812 1575; x_wconf 83' lang='lat' dir='ltr'><strong>tardissime</strong></span> <span class='ocrx_word' id='word_1_29' title='bbox 843 1513 1190 1576; x_wconf 79' lang='lat' dir='ltr'><strong>succederes</strong></span> <span class='ocrx_word' id='word_1_30' title='bbox 1221 1517 1395 1594; x_wconf 89' lang='lat' dir='ltr'><strong>patri;</strong></span> <span class='ocrx_word' id='word_1_31' title='bbox 1437 1512 1541 1574; x_wconf 88' lang='lat' dir='ltr'><strong>sed</strong></span> <span class='ocrx_word' id='word_1_32' title='bbox 1581 1512 1657 1573; x_wconf 88' lang='lat' dir='ltr'><strong>dii</strong></span> <span class='ocrx_word' id='word_1_33' title='bbox 1697 1511 2020 1574; x_wconf 88' lang='lat' dir='ltr'><strong>inmortales</strong></span> <span class='ocrx_word' id='word_1_34' title='bbox 2054 1512 2284 1575; x_wconf 82' lang='lat' dir='ltr'><strong>festina-</strong></span> 
     </span>
     <span class='ocr_line' id='line_1_9' title="bbox 305 1597 2459 1677; baseline 0.001 -19"><span class='ocrx_word' id='word_1_35' title='bbox 305 1606 507 1660; x_wconf 82' lang='lat' dir='ltr'><strong>verunt</strong></span> <span class='ocrx_word' id='word_1_36' title='bbox 537 1599 776 1659; x_wconf 85' lang='lat' dir='ltr'><strong>virtutes</strong></span> <span class='ocrx_word' id='word_1_37' title='bbox 806 1607 930 1659; x_wconf 87' lang='lat' dir='ltr'><strong>tuas</strong></span> <span class='ocrx_word' id='word_1_38' title='bbox 971 1597 1039 1658; x_wconf 89' lang='lat' dir='ltr'><strong>ad</strong></span> <span class='ocrx_word' id='word_1_39' title='bbox 1066 1597 1448 1676; x_wconf 83' lang='lat' dir='ltr'><strong>gubernacula</strong></span> <span class='ocrx_word' id='word_1_40' title='bbox 1474 1599 1560 1659; x_wconf 89' lang='lat' dir='ltr'><strong>rei</strong></span> <span class='ocrx_word' id='word_1_41' title='bbox 1600 1597 1861 1676; x_wconf 88' lang='lat' dir='ltr'><strong>publicae</strong></span> <span class='ocrx_word' id='word_1_42' title='bbox 1892 1613 2056 1675; x_wconf 84' lang='lat' dir='ltr'><strong>quam</strong></span> <span class='ocrx_word' id='word_1_43' title='bbox 2083 1614 2284 1657; x_wconf 88' lang='lat' dir='ltr'><strong>susce·</strong></span> <span class='ocrx_word' id='word_1_44' title='bbox 2302 1609 2367 1661; x_wconf 86' lang='grc'><strong>10</strong></span> <span class='ocrx_word' id='word_1_45' title='bbox 2455 1618 2459 1677; x_wconf 55' lang='grc' dir='ltr'><em>ς</em></span> 
     </span>
    </p>

    <p class='ocr_par' dir='ltr' id='par_1_6' title="bbox 253 1680 2458 1932">
     <span class='ocr_line' id='line_1_10' title="bbox 253 1680 2458 1763; baseline -0.003 -15"><span class='ocrx_word' id='word_1_46' title='bbox 253 1695 291 1748; x_wconf 78' lang='lat'><strong>2</strong></span> <span class='ocrx_word' id='word_1_47' title='bbox 308 1701 474 1762; x_wconf 88' lang='lat' dir='ltr'><strong>peras</strong></span> <span class='ocrx_word' id='word_1_48' title='bbox 504 1682 826 1744; x_wconf 86' lang='lat' dir='ltr'><strong>admovere.</strong></span> <span class='ocrx_word' id='word_1_49' title='bbox 876 1681 1088 1743; x_wconf 88' lang='lat' dir='ltr'><strong>Precor</strong></span> <span class='ocrx_word' id='word_1_50' title='bbox 1115 1700 1256 1761; x_wconf 81' lang='lat' dir='ltr'><strong>ergo</strong></span> <span class='ocrx_word' id='word_1_51' title='bbox 1285 1692 1347 1744; x_wconf 88' lang='lat' dir='ltr'><strong>ut</strong></span> <span class='ocrx_word' id='word_1_52' title='bbox 1373 1684 1475 1744; x_wconf 89' lang='lat' dir='ltr'><strong>tibi</strong></span> <span class='ocrx_word' id='word_1_53' title='bbox 1508 1691 1567 1742; x_wconf 86' lang='lat' dir='ltr'><strong>et</strong></span> <span class='ocrx_word' id='word_1_54' title='bbox 1593 1700 1700 1762; x_wconf 89' lang='lat' dir='ltr'><strong>per</strong></span> <span class='ocrx_word' id='word_1_55' title='bbox 1726 1690 1785 1742; x_wconf 91' lang='lat' dir='ltr'><strong>te</strong></span> <span class='ocrx_word' id='word_1_56' title='bbox 1814 1683 2014 1759; x_wconf 79' lang='lat' dir='ltr'><strong>generi</strong></span> <span class='ocrx_word' id='word_1_57' title='bbox 2042 1680 2283 1741; x_wconf 80' lang='lat' dir='ltr'><strong>humano</strong></span> <span class='ocrx_word' id='word_1_58' title='bbox 2457 1684 2458 1763; x_wconf 50' lang='grc' dir='ltr'>ἢ</span> 
     </span>
     <span class='ocr_line' id='line_1_11' title="bbox 305 1763 2285 1846; baseline -0.001 -20"><span class='ocrx_word' id='word_1_59' title='bbox 305 1783 580 1846; x_wconf 89' lang='lat' dir='ltr'><strong>prospera</strong></span> <span class='ocrx_word' id='word_1_60' title='bbox 615 1769 826 1845; x_wconf 88' lang='lat' dir='ltr'><strong>omnia,</strong></span> <span class='ocrx_word' id='word_1_61' title='bbox 868 1765 926 1826; x_wconf 92' lang='lat' dir='ltr'><strong>id</strong></span> <span class='ocrx_word' id='word_1_62' title='bbox 954 1774 1045 1828; x_wconf 88' lang='lat' dir='ltr'><strong>est</strong></span> <span class='ocrx_word' id='word_1_63' title='bbox 1073 1766 1240 1845; x_wconf 80' lang='lat' dir='ltr'><strong>digna</strong></span> <span class='ocrx_word' id='word_1_64' title='bbox 1265 1765 1497 1828; x_wconf 89' lang='lat' dir='ltr'><strong>saeculo</strong></span> <span class='ocrx_word' id='word_1_65' title='bbox 1529 1775 1626 1827; x_wconf 89' lang='lat' dir='ltr'><strong>tuo</strong></span> <span class='ocrx_word' id='word_1_66' title='bbox 1659 1768 1997 1843; x_wconf 85' lang='lat' dir='ltr'><strong>contingant.</strong></span> <span class='ocrx_word' id='word_1_67' title='bbox 2054 1763 2285 1825; x_wconf 81' lang='lat' dir='ltr'><strong>Fortem</strong></span> 
     </span>
     <span class='ocr_line' id='line_1_12' title="bbox 302 1849 2227 1932; baseline -0.003 -20"><span class='ocrx_word' id='word_1_68' title='bbox 302 1861 363 1912; x_wconf 85' lang='lat' dir='ltr'><strong>te</strong></span> <span class='ocrx_word' id='word_1_69' title='bbox 390 1859 448 1912; x_wconf 86' lang='lat' dir='ltr'><strong>et</strong></span> <span class='ocrx_word' id='word_1_70' title='bbox 472 1849 724 1929; x_wconf 85' lang='lat' dir='ltr'><strong>hilarem,</strong></span> <span class='ocrx_word' id='word_1_71' title='bbox 756 1853 1058 1931; x_wconf 83' lang='lat' dir='ltr'><strong>imperator</strong></span> <span class='ocrx_word' id='word_1_72' title='bbox 1089 1852 1326 1932; x_wconf 86' lang='lat' dir='ltr'><strong>optime,</strong></span> <span class='ocrx_word' id='word_1_73' title='bbox 1355 1860 1414 1913; x_wconf 84' lang='lat' dir='ltr'><strong>et</strong></span> <span class='ocrx_word' id='word_1_74' title='bbox 1442 1852 1697 1931; x_wconf 83' lang='lat' dir='ltr'><strong>privatim</strong></span> <span class='ocrx_word' id='word_1_75' title='bbox 1726 1859 1784 1912; x_wconf 84' lang='lat' dir='ltr'><strong>et</strong></span> <span class='ocrx_word' id='word_1_76' title='bbox 1809 1849 2043 1931; x_wconf 87' lang='lat' dir='ltr'><strong>publice</strong></span> <span class='ocrx_word' id='word_1_77' title='bbox 2070 1858 2227 1931; x_wconf 65' lang='lat' dir='ltr'><strong>epte.</strong></span> 
     </span>
    </p>
   </div>
   <div class='ocr_carea' id='block_1_6' title="bbox 754 1984 1847 2140">
    <p class='ocr_par' dir='ltr' id='par_1_7' title="bbox 754 1984 1847 2140">
     <span class='ocr_line' id='line_1_13' title="bbox 754 1984 1847 2140; baseline 0.001 -4"><span class='ocrx_word' id='word_1_78' title='bbox 754 2084 811 2140; x_wconf 79' lang='lat'><strong>0.</strong></span> <span class='ocrx_word' id='word_1_79' title='bbox 843 2084 1089 2138; x_wconf 88' lang='lat' dir='ltr'>PLINIUS</span> <span class='ocrx_word' id='word_1_80' title='bbox 1122 1984 1408 2135; x_wconf 48' lang='lat' dir='ltr'><strong>TRARNO</strong></span> <span class='ocrx_word' id='word_1_81' title='bbox 1437 2083 1847 2137; x_wconf 82' lang='lat' dir='ltr'>IMPERATORI.</span> 
     </span>
    </p>
   </div>
   <div class='ocr_carea' id='block_1_7' title="bbox 249 2185 2456 3170">
    <p class='ocr_par' dir='ltr' id='par_1_8' title="bbox 254 2185 2456 2518">
     <span class='ocr_line' id='line_1_14' title="bbox 254 2185 2280 2267; baseline -0.004 -16"><span class='ocrx_word' id='word_1_82' title='bbox 254 2199 286 2251; x_wconf 92' lang='grc'>1</span> <span class='ocrx_word' id='word_1_83' title='bbox 419 2185 778 2266; x_wconf 81' lang='lat' dir='ltr'><strong>Exprimere,</strong></span> <span class='ocrx_word' id='word_1_84' title='bbox 811 2186 1054 2266; x_wconf 89' lang='lat' dir='ltr'><strong>domine,</strong></span> <span class='ocrx_word' id='word_1_85' title='bbox 1085 2187 1277 2248; x_wconf 85' lang='lat' dir='ltr'><strong>verbis</strong></span> <span class='ocrx_word' id='word_1_86' title='bbox 1301 2206 1415 2249; x_wconf 90' lang='lat' dir='ltr'><strong>non</strong></span> <span class='ocrx_word' id='word_1_87' title='bbox 1440 2205 1676 2267; x_wconf 87' lang='lat' dir='ltr'><strong>possum</strong></span> <span class='ocrx_word' id='word_1_88' title='bbox 1705 2194 1967 2266; x_wconf 86' lang='lat' dir='ltr'><strong>quantum</strong></span> <span class='ocrx_word' id='word_1_89' title='bbox 1992 2185 2124 2246; x_wconf 88' lang='lat' dir='ltr'><strong>mihi</strong></span> <span class='ocrx_word' id='word_1_90' title='bbox 2143 2202 2280 2262; x_wconf 76' lang='lat' dir='ltr'><strong>gau·</strong></span> 
     </span>
     <span class='ocr_line' id='line_1_15' title="bbox 303 2269 2281 2350; baseline -0.002 -20"><span class='ocrx_word' id='word_1_91' title='bbox 303 2269 452 2330; x_wconf 88' lang='lat' dir='ltr'><strong>dium</strong></span> <span class='ocrx_word' id='word_1_92' title='bbox 481 2270 735 2332; x_wconf 76' lang='lat' dir='ltr'><strong>attuleris</strong></span> <span class='ocrx_word' id='word_1_93' title='bbox 751 2316 770 2349; x_wconf 92' lang='lat'><strong>,</strong></span> <span class='ocrx_word' id='word_1_94' title='bbox 813 2270 963 2349; x_wconf 88' lang='lat' dir='ltr'><strong>quod</strong></span> <span class='ocrx_word' id='word_1_95' title='bbox 1006 2289 1097 2331; x_wconf 91' lang='lat' dir='ltr'><strong>me</strong></span> <span class='ocrx_word' id='word_1_96' title='bbox 1125 2270 1352 2350; x_wconf 80' lang='lat' dir='ltr'><strong>dignum</strong></span> <span class='ocrx_word' id='word_1_97' title='bbox 1382 2274 1588 2349; x_wconf 90' lang='lat' dir='ltr'><strong>putasti</strong></span> <span class='ocrx_word' id='word_1_98' title='bbox 1618 2273 1738 2332; x_wconf 89' lang='lat' dir='ltr'><strong>iure</strong></span> <span class='ocrx_word' id='word_1_99' title='bbox 1766 2273 1929 2332; x_wconf 89' lang='lat' dir='ltr'><strong>trium</strong></span> <span class='ocrx_word' id='word_1_100' title='bbox 1956 2269 2281 2329; x_wconf 84' lang='lat' dir='ltr'><strong>liberorum.</strong></span> 
     </span>
     <span class='ocr_line' id='line_1_16' title="bbox 303 2352 2279 2434; baseline -0.001 -22"><span class='ocrx_word' id='word_1_101' title='bbox 303 2352 566 2427; x_wconf 81' lang='lat' dir='ltr'><strong>Quamvis</strong></span> <span class='ocrx_word' id='word_1_102' title='bbox 611 2355 757 2414; x_wconf 86' lang='lat' dir='ltr'><strong>enim</strong></span> <span class='ocrx_word' id='word_1_103' title='bbox 796 2353 921 2415; x_wconf 93' lang='lat' dir='ltr'><strong>Iulii</strong></span> <span class='ocrx_word' id='word_1_104' title='bbox 962 2355 1246 2432; x_wconf 86' lang='lat' dir='ltr'><strong>Serviani,</strong></span> <span class='ocrx_word' id='word_1_105' title='bbox 1292 2357 1485 2434; x_wconf 88' lang='lat' dir='ltr'><strong>optimi</strong></span> <span class='ocrx_word' id='word_1_106' title='bbox 1525 2357 1631 2416; x_wconf 84' lang='lat' dir='ltr'><strong>viri</strong></span> <span class='ocrx_word' id='word_1_107' title='bbox 1669 2357 1863 2433; x_wconf 88' lang='lat' dir='ltr'><strong>tuique</strong></span> <span class='ocrx_word' id='word_1_108' title='bbox 1902 2354 2279 2429; x_wconf 88' lang='lat' dir='ltr'><strong>amantissimi,</strong></span> 
     </span>
     <span class='ocr_line' id='line_1_17' title="bbox 302 2436 2456 2518; baseline 0 -21"><span class='ocrx_word' id='word_1_109' title='bbox 302 2437 568 2517; x_wconf 83' lang='lat' dir='ltr'><strong>precibus</strong></span> <span class='ocrx_word' id='word_1_110' title='bbox 588 2437 909 2516; x_wconf 85' lang='lat' dir='ltr'><strong>indulseris,</strong></span> <span class='ocrx_word' id='word_1_111' title='bbox 939 2449 1120 2500; x_wconf 86' lang='lat' dir='ltr'><strong>tamen</strong></span> <span class='ocrx_word' id='word_1_112' title='bbox 1148 2442 1314 2500; x_wconf 87' lang='lat' dir='ltr'><strong>etiam</strong></span> <span class='ocrx_word' id='word_1_113' title='bbox 1334 2458 1411 2501; x_wconf 84' lang='lat' dir='ltr'><strong>ex</strong></span> <span class='ocrx_word' id='word_1_114' title='bbox 1422 2442 1702 2518; x_wconf 88' lang='lat' dir='ltr'><strong>rescripto</strong></span> <span class='ocrx_word' id='word_1_115' title='bbox 1722 2437 1996 2516; x_wconf 83' lang='lat' dir='ltr'><strong>intellego</strong></span> <span class='ocrx_word' id='word_1_116' title='bbox 2015 2436 2362 2498; x_wconf 69' lang='lat' dir='ltr'><strong>libentinam</strong></span> <span class='ocrx_word' id='word_1_117' title='bbox 2455 2477 2456 2482; x_wconf 22' lang='grc' dir='ltr'><strong>κ</strong></span> 
     </span>
    </p>

    <p class='ocr_par' dir='ltr' id='par_1_9' title="bbox 249 2521 2454 2938">
     <span class='ocr_line' id='line_1_18' title="bbox 249 2521 2279 2603; baseline -0 -22"><span class='ocrx_word' id='word_1_118' title='bbox 249 2521 412 2581; x_wconf 82' lang='lat' dir='ltr'><strong>2hoc</strong></span> <span class='ocrx_word' id='word_1_119' title='bbox 446 2523 498 2581; x_wconf 92' lang='lat' dir='ltr'><strong>ei</strong></span> <span class='ocrx_word' id='word_1_120' title='bbox 528 2531 587 2584; x_wconf 91' lang='lat' dir='ltr'><strong>te</strong></span> <span class='ocrx_word' id='word_1_121' title='bbox 618 2524 992 2601; x_wconf 83' lang='lat' dir='ltr'><strong>praestitisse,</strong></span> <span class='ocrx_word' id='word_1_122' title='bbox 1025 2525 1152 2601; x_wconf 88' lang='lat' dir='ltr'><strong>quia</strong></span> <span class='ocrx_word' id='word_1_123' title='bbox 1179 2539 1286 2603; x_wconf 89' lang='lat' dir='ltr'><strong>pro</strong></span> <span class='ocrx_word' id='word_1_124' title='bbox 1313 2541 1403 2583; x_wconf 93' lang='lat' dir='ltr'><strong>me</strong></span> <span class='ocrx_word' id='word_1_125' title='bbox 1429 2524 1683 2601; x_wconf 81' lang='lat' dir='ltr'><strong>rogabat.</strong></span> <span class='ocrx_word' id='word_1_126' title='bbox 1725 2522 1936 2583; x_wconf 89' lang='lat' dir='ltr'><strong>Videor</strong></span> <span class='ocrx_word' id='word_1_127' title='bbox 1966 2539 2107 2599; x_wconf 84' lang='lat' dir='ltr'><strong>ergo</strong></span> <span class='ocrx_word' id='word_1_128' title='bbox 2129 2539 2279 2583; x_wconf 88' lang='lat' dir='ltr'><strong>sum·</strong></span> 
     </span>
     <span class='ocr_line' id='line_1_19' title="bbox 296 2606 2278 2684; baseline -0.001 -19"><span class='ocrx_word' id='word_1_129' title='bbox 296 2623 441 2666; x_wconf 87' lang='lat' dir='ltr'><strong>mam</strong></span> <span class='ocrx_word' id='word_1_130' title='bbox 468 2608 588 2668; x_wconf 84' lang='lat' dir='ltr'><strong>voti</strong></span> <span class='ocrx_word' id='word_1_131' title='bbox 615 2609 727 2668; x_wconf 89' lang='lat' dir='ltr'><strong>mei</strong></span> <span class='ocrx_word' id='word_1_132' title='bbox 770 2617 1142 2684; x_wconf 87' lang='lat' dir='ltr'><strong>consecutus,</strong></span> <span class='ocrx_word' id='word_1_133' title='bbox 1197 2625 1322 2667; x_wconf 90' lang='lat' dir='ltr'><strong>cum</strong></span> <span class='ocrx_word' id='word_1_134' title='bbox 1362 2609 1509 2668; x_wconf 86' lang='lat' dir='ltr'><strong>inter</strong></span> <span class='ocrx_word' id='word_1_135' title='bbox 1546 2609 1696 2668; x_wconf 86' lang='lat' dir='ltr'><strong>initia</strong></span> <span class='ocrx_word' id='word_1_136' title='bbox 1725 2606 2040 2667; x_wconf 82' lang='lat' dir='ltr'><strong>felicissimi</strong></span> <span class='ocrx_word' id='word_1_137' title='bbox 2074 2606 2278 2684; x_wconf 88' lang='lat' dir='ltr'><strong>priuci-</strong></span> 
     </span>
     <span class='ocr_line' id='line_1_20' title="bbox 297 2690 2278 2770; baseline -0.001 -19"><span class='ocrx_word' id='word_1_138' title='bbox 297 2700 461 2770; x_wconf 87' lang='lat' dir='ltr'><strong>patus</strong></span> <span class='ocrx_word' id='word_1_139' title='bbox 488 2694 568 2752; x_wconf 91' lang='lat' dir='ltr'><strong>tui</strong></span> <span class='ocrx_word' id='word_1_140' title='bbox 595 2692 925 2770; x_wconf 84' lang='lat' dir='ltr'><strong>probaveris</strong></span> <span class='ocrx_word' id='word_1_141' title='bbox 952 2708 1043 2750; x_wconf 91' lang='lat' dir='ltr'><strong>me</strong></span> <span class='ocrx_word' id='word_1_142' title='bbox 1074 2691 1143 2751; x_wconf 89' lang='lat' dir='ltr'><strong>ad</strong></span> <span class='ocrx_word' id='word_1_143' title='bbox 1172 2691 1518 2769; x_wconf 85' lang='lat' dir='ltr'><strong>peculiarem</strong></span> <span class='ocrx_word' id='word_1_144' title='bbox 1545 2690 1944 2769; x_wconf 80' lang='lat' dir='ltr'><strong>indulgentiam</strong></span> <span class='ocrx_word' id='word_1_145' title='bbox 1970 2698 2120 2750; x_wconf 88' lang='lat' dir='ltr'><strong>tuam</strong></span> <span class='ocrx_word' id='word_1_146' title='bbox 2147 2707 2278 2768; x_wconf 82' lang='lat' dir='ltr'><strong>per·</strong></span> 
     </span>
     <span class='ocr_line' id='line_1_21' title="bbox 295 2773 2279 2854; baseline -0.002 -19"><span class='ocrx_word' id='word_1_147' title='bbox 295 2777 507 2845; x_wconf 88' lang='lat' dir='ltr'><strong>tinere;</strong></span> <span class='ocrx_word' id='word_1_148' title='bbox 551 2792 739 2854; x_wconf 85' lang='lat' dir='ltr'><strong>eoque</strong></span> <span class='ocrx_word' id='word_1_149' title='bbox 779 2777 956 2853; x_wconf 79' lang='lat' dir='ltr'><strong>magis</strong></span> <span class='ocrx_word' id='word_1_150' title='bbox 996 2773 1210 2836; x_wconf 84' lang='lat' dir='ltr'><strong>liberos</strong></span> <span class='ocrx_word' id='word_1_151' title='bbox 1254 2776 1637 2853; x_wconf 86' lang='lat' dir='ltr'><strong>concupisco,</strong></span> <span class='ocrx_word' id='word_1_152' title='bbox 1684 2792 1828 2853; x_wconf 83' lang='lat' dir='ltr'><strong>quos</strong></span> <span class='ocrx_word' id='word_1_153' title='bbox 1871 2774 2081 2834; x_wconf 88' lang='lat' dir='ltr'><strong>habere</strong></span> <span class='ocrx_word' id='word_1_154' title='bbox 2112 2775 2279 2833; x_wconf 84' lang='lat' dir='ltr'><strong>etiam</strong></span> 
     </span>
     <span class='ocr_line' id='line_1_22' title="bbox 297 2856 2454 2938; baseline 0.001 -21"><span class='ocrx_word' id='word_1_155' title='bbox 297 2857 399 2919; x_wconf 89' lang='lat' dir='ltr'><strong>illo</strong></span> <span class='ocrx_word' id='word_1_156' title='bbox 434 2861 751 2921; x_wconf 88' lang='lat' dir='ltr'><strong>tristissimo</strong></span> <span class='ocrx_word' id='word_1_157' title='bbox 780 2857 1013 2921; x_wconf 87' lang='lat' dir='ltr'><strong>saeculo</strong></span> <span class='ocrx_word' id='word_1_158' title='bbox 1041 2856 1231 2936; x_wconf 88' lang='lat' dir='ltr'><strong>volui,</strong></span> <span class='ocrx_word' id='word_1_159' title='bbox 1274 2860 1420 2920; x_wconf 88' lang='lat' dir='ltr'><strong>sicut</strong></span> <span class='ocrx_word' id='word_1_160' title='bbox 1457 2867 1627 2938; x_wconf 75' lang='lat' dir='ltr'><strong>potes</strong></span> <span class='ocrx_word' id='word_1_161' title='bbox 1669 2858 1889 2919; x_wconf 88' lang='lat' dir='ltr'><strong>duobus</strong></span> <span class='ocrx_word' id='word_1_162' title='bbox 1919 2858 2357 2919; x_wconf 77' lang='lat' dir='ltr'><strong>matrimoniis25</strong></span> <span class='ocrx_word' id='word_1_163' title='bbox 2453 2871 2454 2874; x_wconf 73' lang='grc'>’</span> 
     </span>
    </p>

    <p class='ocr_par' dir='ltr' id='par_1_10' title="bbox 249 2941 2278 3170">
     <span class='ocr_line' id='line_1_23' title="bbox 249 2941 2277 3021; baseline -0.001 -19"><span class='ocrx_word' id='word_1_164' title='bbox 249 2948 285 3002; x_wconf 75' lang='lat'><strong>3</strong></span> <span class='ocrx_word' id='word_1_165' title='bbox 301 2943 442 3001; x_wconf 88' lang='lat' dir='ltr'><strong>meis</strong></span> <span class='ocrx_word' id='word_1_166' title='bbox 472 2943 729 3003; x_wconf 87' lang='lat' dir='ltr'><strong>credere.</strong></span> <span class='ocrx_word' id='word_1_167' title='bbox 779 2941 895 3003; x_wconf 89' lang='lat' dir='ltr'><strong>Sed</strong></span> <span class='ocrx_word' id='word_1_168' title='bbox 923 2941 999 3002; x_wconf 91' lang='lat' dir='ltr'><strong>dii</strong></span> <span class='ocrx_word' id='word_1_169' title='bbox 1026 2942 1260 3018; x_wconf 89' lang='lat' dir='ltr'><strong>melius,</strong></span> <span class='ocrx_word' id='word_1_170' title='bbox 1304 2944 1398 3021; x_wconf 84' lang='lat' dir='ltr'><strong>qui</strong></span> <span class='ocrx_word' id='word_1_171' title='bbox 1425 2944 1612 3003; x_wconf 85' lang='lat' dir='ltr'><strong>omnia</strong></span> <span class='ocrx_word' id='word_1_172' title='bbox 1638 2945 1855 3019; x_wconf 79' lang='lat' dir='ltr'><strong>integra</strong></span> <span class='ocrx_word' id='word_1_173' title='bbox 1889 2941 2120 3002; x_wconf 87' lang='lat' dir='ltr'><strong>bonitati</strong></span> <span class='ocrx_word' id='word_1_174' title='bbox 2148 2948 2277 3001; x_wconf 88' lang='lat' dir='ltr'><strong>tuae</strong></span> 
     </span>
     <span class='ocr_line' id='line_1_24' title="bbox 298 3024 2278 3106; baseline 0.001 -24"><span class='ocrx_word' id='word_1_175' title='bbox 298 3035 671 3085; x_wconf 87' lang='lat' dir='ltr'><strong>reservarunt.</strong></span> <span class='ocrx_word' id='word_1_176' title='bbox 737 3024 906 3086; x_wconf 87' lang='lat' dir='ltr'><strong>Malui</strong></span> <span class='ocrx_word' id='word_1_177' title='bbox 945 3025 1057 3085; x_wconf 91' lang='lat' dir='ltr'><strong>hoc</strong></span> <span class='ocrx_word' id='word_1_178' title='bbox 1092 3028 1279 3104; x_wconf 89' lang='lat' dir='ltr'><strong>potius</strong></span> <span class='ocrx_word' id='word_1_179' title='bbox 1320 3034 1576 3104; x_wconf 88' lang='lat' dir='ltr'><strong>tempore</strong></span> <span class='ocrx_word' id='word_1_180' title='bbox 1621 3043 1713 3086; x_wconf 88' lang='lat' dir='ltr'><strong>me</strong></span> <span class='ocrx_word' id='word_1_181' title='bbox 1754 3036 1972 3106; x_wconf 87' lang='lat' dir='ltr'><strong>patrem</strong></span> <span class='ocrx_word' id='word_1_182' title='bbox 2013 3025 2133 3085; x_wconf 82' lang='lat' dir='ltr'><strong>lieri</strong></span> <span class='ocrx_word' id='word_1_183' title='bbox 2164 3040 2278 3103; x_wconf 84' lang='lat' dir='ltr'><strong>quo</strong></span> 
     </span>
     <span class='ocr_line' id='line_1_25' title="bbox 302 3104 1368 3170; baseline 0.005 -5"><span class='ocrx_word' id='word_1_184' title='bbox 302 3104 518 3167; x_wconf 76' lang='lat' dir='ltr'><strong>futurus</strong></span> <span class='ocrx_word' id='word_1_185' title='bbox 546 3125 736 3168; x_wconf 86' lang='lat' dir='ltr'><strong>essem</strong></span> <span class='ocrx_word' id='word_1_186' title='bbox 765 3118 826 3170; x_wconf 91' lang='lat' dir='ltr'><strong>et</strong></span> <span class='ocrx_word' id='word_1_187' title='bbox 854 3125 1090 3170; x_wconf 89' lang='lat' dir='ltr'><strong>securus</strong></span> <span class='ocrx_word' id='word_1_188' title='bbox 1123 3117 1180 3169; x_wconf 89' lang='lat' dir='ltr'><strong>et</strong></span> <span class='ocrx_word' id='word_1_189' title='bbox 1208 3108 1368 3170; x_wconf 82' lang='lat' dir='ltr'><strong>felix.</strong></span> 
     </span>
    </p>
   </div>
   <div class='ocr_carea' id='block_1_8' title="bbox 1125 3240 2355 3341">
    <p class='ocr_par' dir='ltr' id='par_1_11' title="bbox 1125 3240 2355 3341">
     <span class='ocr_line' id='line_1_26' title="bbox 1125 3240 2355 3341; baseline -0.011 -17"><span class='ocrx_word' id='word_1_190' title='bbox 1125 3240 1445 3322; x_wconf 80' lang='lat' dir='ltr'>1111xx]</span> <span class='ocrx_word' id='word_1_191' title='bbox 1853 3252 1986 3290; x_wconf 65' lang='lat'><strong>·›</strong></span> <span class='ocrx_word' id='word_1_192' title='bbox 2290 3286 2355 3341; x_wconf 64' lang='lat'><strong>,0</strong></span> 
     </span>
    </p>
   </div>
   <div class='ocr_carea' id='block_1_9' title="bbox 255 3338 2277 3523">
    <p class='ocr_par' dir='ltr' id='par_1_12' title="bbox 255 3338 2277 3523">
     <span class='ocr_line' id='line_1_27' title="bbox 742 3338 1829 3392; baseline 0.004 -4"><span class='ocrx_word' id='word_1_193' title='bbox 742 3338 795 3388; x_wconf 83' lang='lat'><strong>0.</strong></span> <span class='ocrx_word' id='word_1_194' title='bbox 832 3339 1077 3392; x_wconf 88' lang='lat' dir='ltr'>PLINIUS</span> <span class='ocrx_word' id='word_1_195' title='bbox 1109 3340 1391 3392; x_wconf 82' lang='lat' dir='ltr'><strong>TRAIANO</strong></span> <span class='ocrx_word' id='word_1_196' title='bbox 1422 3339 1829 3392; x_wconf 81' lang='lat' dir='ltr'>IMPERATORI.</span> 
     </span>
     <span class='ocr_line' id='line_1_28' title="bbox 255 3435 2277 3523; baseline 0.001 -23"><span class='ocrx_word' id='word_1_197' title='bbox 255 3449 284 3500; x_wconf 92' lang='lat'>1</span> <span class='ocrx_word' id='word_1_198' title='bbox 424 3435 497 3494; x_wconf 87' lang='lat' dir='ltr'><strong>Ut</strong></span> <span class='ocrx_word' id='word_1_199' title='bbox 535 3438 769 3514; x_wconf 89' lang='lat' dir='ltr'><strong>primum</strong></span> <span class='ocrx_word' id='word_1_200' title='bbox 807 3454 896 3498; x_wconf 91' lang='lat' dir='ltr'><strong>me</strong></span> <span class='ocrx_word' id='word_1_201' title='bbox 911 3482 932 3516; x_wconf 94' lang='lat'><strong>,</strong></span> <span class='ocrx_word' id='word_1_202' title='bbox 979 3440 1202 3501; x_wconf 88' lang='lat' dir='ltr'><strong>domine</strong></span> <span class='ocrx_word' id='word_1_203' title='bbox 1216 3485 1235 3518; x_wconf 93' lang='lat'><strong>,</strong></span> <span class='ocrx_word' id='word_1_204' title='bbox 1279 3441 1621 3521; x_wconf 82' lang='lat' dir='ltr'><strong>indulgentia</strong></span> <span class='ocrx_word' id='word_1_205' title='bbox 1657 3452 1851 3505; x_wconf 80' lang='lat' dir='ltr'><strong>vestra</strong></span> <span class='ocrx_word' id='word_1_206' title='bbox 1889 3443 2170 3523; x_wconf 80' lang='lat' dir='ltr'><strong>promovit</strong></span> <span class='ocrx_word' id='word_1_207' title='bbox 2206 3443 2277 3504; x_wconf 86' lang='lat' dir='ltr'><strong>ad</strong></span> 
     </span>
    </p>
   </div>
   <div class='ocr_carea' id='block_1_10' title="bbox 2298 2033 2362 2086">
    <p class='ocr_par' dir='ltr' id='par_1_13' title="bbox 2298 2033 2362 2086">
     <span class='ocr_line' id='line_1_29' title="bbox 2298 2033 2362 2086; baseline 0.016 -1"><span class='ocrx_word' id='word_1_208' title='bbox 2298 2033 2362 2086; x_wconf 84' lang='lat'><strong>15</strong></span> 
     </span>
    </p>
   </div>
   <div class='ocr_carea' id='block_1_11' title="bbox 188 3723 311 3737">
    <p class='ocr_par' dir='ltr' id='par_1_14' title="bbox 188 3723 311 3737">
     <span class='ocr_line' id='line_1_30' title="bbox 188 3723 311 3737; baseline 0 0"><span class='ocrx_word' id='word_1_209' title='bbox 188 3723 311 3737; x_wconf 72' lang='lat'><em>*</em></span> 
     </span>
    </p>
   </div>
   <div class='ocr_carea' id='block_1_12' title="bbox 84 3747 2450 3812">
    <p class='ocr_par' dir='ltr' id='par_1_15' title="bbox 84 3747 2450 3812">
     <span class='ocr_line' id='line_1_31' title="bbox 84 3747 2450 3812; baseline 0.001 -3"><span class='ocrx_word' id='word_1_210' title='bbox 84 3747 166 3809; x_wconf 70' lang='lat' dir='ltr'><em>A</em></span> <span class='ocrx_word' id='word_1_211' title='bbox 357 3765 401 3809; x_wconf 59' lang='grc' dir='ltr'>ι</span> <span class='ocrx_word' id='word_1_212' title='bbox 2449 3767 2450 3812; x_wconf 53' lang='lat' dir='ltr'><strong>l</strong></span> 
     </span>
    </p>
   </div>
  </div>
 </body>
</html>
