2467 3850
248 258 302 296 vl
1086 247 1546 302 PRAEFATIO.

242 408 537 478 perturbatio
557 409 765 480 primum
786 408 911 464 facta
935 415 1009 463 est
1031 407 1164 477 baec,
1190 424 1333 480 quam
1346 454 1359 475 ‚
1406 409 1514 481 quia
1535 408 1709 478 pariter
1731 407 1781 463 in
1803 406 2024 464 omnibus
2042 407 2185 465 huius
2204 416 2369 467 sectae

246 492 495 548 codicibus
537 493 828 563 conspicitur
841 534 855 556 ‚
900 507 961 547 ex
992 492 1097 562 ipso
1125 493 1320 564 antiquo
1356 493 1615 563 exemplari
1654 492 1885 558 derivavi,
1931 492 2061 564 quod
2097 493 2147 548 in
2195 495 2367 565 quinto

246 577 367 632 libro
397 576 509 632 inde
546 577 606 632 ab
633 582 801 632 octava
835 576 939 631 eius
969 576 1077 631 libri
1113 577 1317 647 epistula
1351 577 1423 631 sic
1456 576 1711 647 dispositas
1749 575 1894 631 babet
1930 576 2135 647 reliquas
2169 581 2258 634 21.
2283 583 2364 634 15.

248 663 484 716 10—14.
516 663 748 717 16—20.
772 663 821 723 9.
851 660 898 714 in
919 676 1047 715 nouo
1068 666 1228 715 autem
1243 702 1258 722 ,
1295 661 1378 732 qui
1399 661 1449 715 in
1468 660 1552 716 illo
1574 666 1770 715 octavus
1791 667 1892 726 est,
1924 660 1996 715 sic
2019 664 2068 716 1.
2092 664 2142 716 2.
2163 664 2213 719 6.
2243 665 2289 719 7.
2315 666 2364 720 9.

247 748 329 800 12.
356 745 435 800 17.
460 747 544 799 21.
570 747 653 800 24.
680 748 764 800 25.
801 745 886 800 30.
909 746 995 800 31.
1018 746 1103 801 32.
1126 746 1176 801 3.
1199 747 1251 801 4.
1273 749 1323 801 5.
1344 747 1394 801 8.
1421 748 1504 801 10.
1530 749 1612 800 11.
1641 747 1723 801 13.
1746 746 1828 800 14.
1853 748 1935 800 15.
1961 745 2042 799 18.
2063 747 2146 802 19.
2168 748 2258 802 20.
2284 749 2367 802 22.

242 832 328 886 23.
352 830 436 884 26.
460 829 545 884 27.
565 831 649 885 28.
674 831 759 885 29.
783 829 1018 885 33-40,
1082 843 1192 884 nam
1235 836 1370 883 sexta
1399 827 1583 883 decima
1602 828 1802 898 epistula
1824 828 1873 883 in
1892 827 1967 883 his
2004 827 2253 884 codicibus
2284 827 2367 883 de-

244 919 335 968 est.
376 917 619 981 practerea
640 911 866 981 peculiari
889 926 1048 967 errore
1074 912 1124 967 in
1151 911 1409 968 Dresdensi
1442 912 1610 968 codice
1637 918 1860 983 quattuor
1887 911 1995 967 libri
2021 912 2161 982 primi
2188 913 2368 984 epistu-

242 997 318 1050 lae
339 997 391 1052 8.
416 998 496 1051 12.
518 999 603 1053 23.
626 998 696 1051 24
729 996 829 1050 suis
862 996 982 1052 locis
1018 997 1222 1052 omissae
1253 996 1303 1050 in
1324 996 1468 1051 finem
1489 996 1669 1052 codicis
1696 996 1863 1052 reiecti
1887 1002 2015 1051 sunt.

372 1077 596 1135 Ceterum
611 1121 624 1144 ,
661 1080 887 1151 quoniam
914 1081 1191 1150 primarium
1221 1086 1334 1135 octo
1365 1079 1594 1135 librorum
1617 1079 1835 1135 codicem
1868 1080 2004 1135 initio
2026 1080 2175 1151 quinti
2196 1079 2369 1136 decimi

243 1163 421 1219 saeculi
441 1164 488 1218 in
509 1163 692 1219 ltaliam
712 1163 921 1219 adlatum
943 1179 1048 1220 esse
1068 1179 1211 1235 supra
1233 1165 1346 1229 dixi,
1371 1170 1481 1219 ante
1506 1163 1630 1219 hanc
1653 1170 1857 1218 aetatem
1878 1165 2057 1234 primus
2081 1164 2204 1219 inter
2223 1163 2369 1220 Italos

244 1248 382 1303 Plinii
403 1249 694 1303 mentionem
717 1248 830 1303 fecit
855 1248 1084 1304 Colucius
1104 1247 1350 1304 Salutatus
1381 1249 1430 1304 in
1451 1248 1656 1319 epistula
1683 1247 1744 1304 ad
1770 1246 2067 1304 Cardinalem
2090 1246 2368 1303 Pataviuum

243 1334 366 1396 data,
397 1348 518 1404 quae
538 1333 588 1388 in
609 1333 777 1388 codice
799 1332 1043 1388 Gaddiano
1066 1331 1150 1389 XC
1171 1333 1417 1403 superiore
1438 1338 1584 1397 extat,
1607 1331 1680 1387 his
1700 1331 1868 1397 verbis,
1892 1338 2140 1404 postquam
2155 1331 2216 1387 de
2229 1331 2369 1388 Cice-

245 1417 372 1472 ronis
395 1425 441 1471 et
457 1415 670 1471 Senecae
691 1417 905 1487 epistulis
919 1417 1051 1481 dixit,
1077 1418 1111 1472 s.
1127 1419 1193 1473 41
1219 1416 1240 1446 θ
1258 1417 1371 1488 quid
1391 1416 1592 1472 referam
1608 1416 1826 1480 Plinium,
1848 1416 2123 1480 Ausonium,
2147 1414 2370 1488 Symma-

245 1501 387 1556 chum
400 1502 475 1555 vel
489 1499 774 1565 Ennodium‚
797 1500 920 1570 apud
939 1516 1058 1572 quos
1078 1515 1193 1556 suae
1220 1501 1611 1574 congregationis
1630 1501 1886 1572 vestigium
1899 1500 2166 1555 nullatenus
2189 1501 2372 1571 reperi-

243 1585 356 1639 tur?
370 1583 390 1612 ’
437 1598 559 1655 quae
578 1585 620 1639 si
642 1599 753 1639 cum
773 1584 832 1639 iis
854 1598 975 1655 quae
1001 1584 1062 1639 de
1086 1583 1333 1639 codicibus
1355 1599 1384 1640 e
1410 1583 1682 1640 Florentino
1704 1584 1953 1655 descriptis
1972 1582 2068 1639 dixi
2090 1584 2371 1646 contuleris.

247 1667 385 1723 facile
419 1667 505 1722 tibi
534 1667 820 1737 persuadeas
852 1673 1045 1722 centum
1080 1674 1270 1723 tantum
1302 1669 1527 1740 epistulas
1560 1684 1588 1723 e
1609 1668 1881 1724 Florentino
1906 1667 2073 1723 ductas
2093 1666 2370 1724 Salutatum

245 1752 448 1824 legisse,
492 1766 644 1823 eoque
663 1752 766 1822 ipso
789 1752 983 1819 codice,
1025 1751 1265 1823 siquidem
1287 1753 1349 1808 de
1369 1750 1680 1808 Riccardiano
1705 1768 1802 1807 non
1826 1752 1941 1807 satis
1961 1758 2174 1817 constat,
2218 1753 2370 1808 inter-

247 1841 483 1890 mortuam
508 1834 647 1891 Plinii
676 1835 955 1891 memoriam
980 1835 1103 1906 apud
1126 1834 1271 1891 Italos
1303 1837 1581 1893 suscitatam
1594 1879 1608 1903 ‚
1652 1835 1823 1892 deinde
1854 1836 2163 1907 locupletiore
2196 1836 2371 1892 codice

245 1920 434 1975 invento
456 1927 645 1975 auctam
672 1935 792 1975 esse.

369 2003 578 2058 Tandem
612 2004 705 2060 sub
727 2004 871 2059 finem
894 2004 1085 2059 demum
1119 2007 1299 2064 saeculi
1331 2006 1482 2077 quinti
1519 2004 1692 2061 decimi
1726 2004 1828 2060 eius
1854 2019 2043 2076 quoque
2069 2004 2250 2060 codicis
2279 2007 2371 2080 qui

244 2102 415 2143 novem
436 2088 743 2157 epistularum
765 2088 911 2142 libros
933 2089 1205 2145 continebat
1226 2090 1514 2162 apographa,
1540 2104 1693 2161 neque
1717 2103 1772 2143 ea
1792 2094 1950 2143 tamen
1970 2089 2130 2144 statim
2151 2089 2367 2159 integra,

245 2177 429 2241 reperta
454 2178 581 2226 sunt.
624 2186 734 2226 nam
755 2171 977 2242 primum,
998 2174 1160 2243 paucis
1182 2175 1317 2230 annis
1342 2181 1590 2245 postquam
1611 2173 1870 2243 principem
1895 2171 2151 2228 editionem
2171 2187 2232 2227 ex
2245 2181 2369 2229 octo

244 2254 475 2309 librorum
495 2254 660 2309 codice
687 2255 747 2309 de
767 2257 984 2326 exemplo
1014 2265 1207 2313 centum
1227 2257 1536 2328 epistularum
1557 2262 1773 2312 correcto
1794 2255 2096 2311 valdan-rems
2128 2257 2374 2326 expressit

244 2336 452 2393 venetiis
473 2352 595 2392 anno
624 2341 748 2397 1471
767 2380 780 2402 ,
802 2354 911 2410 pars
932 2342 1085 2396 octavi
1106 2342 1213 2398 libri
1227 2384 1241 2406 ‚
1272 2357 1367 2413 quo
1389 2341 1545 2411 priora
1567 2340 1849 2412 exemplaria
1877 2341 2116 2404 carebant,
2138 2339 2265 2395 edita
2286 2348 2373 2395 est

244 2422 291 2476 in
313 2435 370 2476 ea
390 2420 597 2476 editione
617 2438 756 2493 quam
777 2424 880 2479 sine
899 2425 994 2480 loci
1015 2431 1063 2480 et
1085 2428 1194 2482 anni
1219 2425 1568 2498 significatione
1588 2441 1711 2480 anno
1725 2426 1862 2481 1474
1880 2423 2076 2480 loannes
2088 2422 2374 2480 Scburener

245 2505 306 2560 de
327 2503 559 2575 Bopardia
578 2504 759 2561 Romae
791 2510 1077 2579 expressisse
1111 2510 1300 2565 dicitur.
1362 2509 1534 2565 desunt
1570 2516 1730 2564 autem
1763 2508 1810 2564 in
1834 2522 1893 2563 eo
1915 2508 2133 2578 exemplo
2155 2522 2211 2561 ea
2235 2523 2375 2579 quae

242 2594 355 2643 sunt
388 2589 437 2643 in
470 2596 638 2645 octavo
677 2590 797 2647 libro
831 2593 955 2647 inter
987 2593 1214 2663 epistulas
1236 2597 1295 2658 8,
1322 2595 1356 2649 3
1376 2593 1567 2648 navium
1593 2593 1784 2665 patiens
1805 2598 1853 2647 et
1879 2595 1965 2656 18,
1989 2597 2053 2649 11
2077 2591 2238 2647 eaden
2263 2608 2375 2665 qua

243 2679 418 2726 eruerat
436 2674 618 2728 media:
641 2675 767 2746 quod
792 2683 949 2731 utrum
973 2677 1168 2733 editoris
1190 2677 1408 2732 socordia
1430 2693 1489 2731 an
1512 2678 1691 2734 codicis
1711 2677 1902 2733 defectu
1925 2676 2148 2731 acciderit
2174 2675 2374 2732 nescio.

246 2771 357 2810 nam
377 2757 479 2826 ipse
500 2758 755 2814 editionem
778 2761 1063 2816 rarissimam
1085 2776 1181 2815 non
1203 2760 1314 2816 vidi.
1355 2767 1624 2832 praeterea,
1661 2776 1724 2817 ne
1742 2760 1953 2832 vulgaris
1985 2760 2216 2816 librorum
2239 2759 2376 2817 ordo

244 2846 522 2906 mutaretur.
545 2856 600 2896 ea
622 2858 743 2914 quae
763 2852 1058 2901 accesserant
1084 2846 1197 2900 noni
1217 2844 1327 2900 libri
1348 2861 1547 2901 numero
1568 2845 1852 2916 inscriptain
1865 2843 1959 2899 fine
1969 2844 2201 2901 collocata
2213 2849 2377 2907 sunt;

246 2937 398 2995 neque
435 2924 485 2978 in
523 2926 754 2996 prioribus
783 2927 939 2993 libris,
985 2929 1027 2984 si
1070 2928 1183 3001 quid
1218 2944 1278 2983 ex
1308 2929 1367 2984 iis
1400 2930 1631 3000 exemplis
1662 2944 1782 3001 quae
1800 2927 2064 2984 Romanam
2095 2926 2376 2983 editionem

243 3008 531 3077 repetierunt
550 3009 757 3067 iudicare
777 3013 905 3076 licet,
927 3013 1181 3083 quicquam
1206 3019 1418 3068 mutasse
1440 3013 1629 3069 videtur
1640 3011 1983 3067 Schurenerus.
2026 3012 2074 3068 in
2096 3010 2170 3065 his
2191 3015 2379 3068 autem

243 3105 367 3146 novo
389 3092 580 3158 codice,
615 3095 700 3150 sed
722 3096 802 3168 qui
823 3102 1047 3167 quattuor
1070 3102 1257 3152 tantum
1278 3096 1425 3151 libros
1443 3097 1625 3167 primos
1643 3095 1941 3160 continebat,
1972 3111 2088 3151 usus
2114 3098 2187 3148 est
2210 3092 2381 3151 Pom-

244 3175 415 3244 ponius
436 3175 633 3242 Laetus,
658 3180 738 3250 qui
760 3180 1017 3234 editionem
1040 3178 1303 3234 Romanam
1325 3194 1448 3235 anno
1473 3183 1609 3238 1490
1631 3180 1807 3235 factam
1833 3179 2031 3234 curavit.
2071 3191 2214 3251 quam
2247 3181 2381 3248 qui-

240 3256 352 3313 dem
387 3259 641 3316 editionem
677 3277 704 3316 e
735 3263 936 3318 vetustis
969 3262 1258 3318 membranis
1280 3278 1553 3333 expressam
1586 3278 1691 3318 esse
1709 3264 1890 3334 primus
1911 3262 2028 3319 vidit
2046 3261 2114 3318 Io.
2134 3259 2201 3317 M.
2223 3259 2383 3321 Heu-

240 3340 461 3414 singerus
480 3346 528 3400 in
549 3344 974 3402 Emendationibus
990 3345 1214 3401 Plinianis
1235 3346 1416 3401 Isenaci
1437 3361 1560 3401 auno
1587 3347 1719 3404 1739
1738 3346 1904 3410 editis;
1935 3362 2031 3402 non
2052 3344 2168 3401 vidit
2191 3350 2382 3404 tamen

240 3424 363 3480 hanc
384 3430 716 3497 praestantiam
737 3429 861 3484 ultra
881 3435 1103 3500 quartum
1127 3429 1303 3484 librum
1322 3444 1417 3484 non
1445 3430 1699 3499 pertinere.
1751 3430 1880 3500 ipsae
1907 3437 2066 3484 autem
2087 3429 2388 3499 scripturae

240 3509 299 3564 ab
321 3509 616 3586 Heusingero
644 3513 895 3568 adnotatae
913 3511 1087 3567 docent
1108 3511 1425 3582 Pomponium
1445 3528 1588 3569 usum
1612 3528 1719 3569 esse
1745 3528 1803 3570 eo
1826 3514 1991 3569 codice
2011 3514 2091 3586 qui
2123 3528 2253 3569 nunc
2282 3513 2388 3574 in-
