2467 3850
288 210 411 277 134
1117 210 1183 272 C.
1227 209 1421 273 PLlNl
1478 209 1489 214 ’

286 361 579 424 admodum
610 365 897 442 coeperim
924 363 1200 442 scribere,
1231 364 1424 442 homo,
1454 370 1516 424 ut
1545 363 1642 424 tibi
1670 364 1887 444 videor,
1913 382 2175 441 severus,
2214 374 2277 425 ut

242 450 413 527 2ipse
440 447 642 523 fateor,
674 464 785 507 non
814 450 1055 525 ineptus.
1109 447 1422 526 Numquam
1452 467 1484 508 a
1506 450 1738 527 poetice
1772 448 1967 526 (altius
2004 451 2150 508 enim
2180 467 2274 508 re-

289 531 507 611 petam)
565 529 780 591 alienus
833 530 944 601 fui3
995 534 1128 609 quin
1172 535 1340 592 etiam
1388 531 1828 611 quattuordecim
1879 542 2043 594 natus
2091 549 2272 592 annos

289 614 557 685 Graecam
583 614 926 692 tragoediam
955 617 1175 696 scripsi.
1224 612 1501 689 Qualem?
1529 618 1731 695 inquis.
1774 615 2015 677 Nescio:
2044 624 2272 695 tragoe-

221 711 256 762 3
286 699 374 759 dia
401 697 723 759 vocabatur.
766 698 921 776 Mox,
955 716 1081 758 cum
1112 718 1145 758 e
1171 699 1362 759 militia
1388 699 1635 761 rediens.
1652 701 1708 760 in
1730 698 1907 761 Icaria
1927 700 2110 760 insula
2130 719 2269 759 ven·
2286 705 2318 754 5

285 786 359 844 tis
389 782 704 859 detinerer,
745 781 970 842 Latinos
1008 782 1209 860 elegos
1235 786 1291 843 in
1319 782 1456 842 illud
1485 785 1668 861 ipsum
1696 802 1847 844 mare
1867 786 2161 864 ipsamque
2189 786 2273 843 in·

290 867 466 927 sulam
496 866 628 926 feci.
668 865 952 946 Expertus
981 884 1105 927 sum
1130 885 1221 926 me
1250 866 1545 945 aliquando
1575 875 1633 927 et
1653 867 1863 945 heroo,
1891 867 2273 943 hendecasyl-

289 950 434 1011 labis
463 967 611 1009 nunc
640 953 896 1029 primum,
930 967 1166 1028 quorum
1193 950 1286 1010 hic
1314 950 1532 1028 natalis,
1556 951 1698 1011 haec
1729 969 1894 1012 causa
1924 960 2031 1012 est.
2087 950 2273 1029 Lege·

283 1035 483 1094 bantur
503 1036 559 1093 in
590 1033 921 1094 Laurentino
950 1034 1082 1093 mihi
1119 1033 1247 1094 libri
1275 1034 1434 1094 Asini
1466 1033 1608 1094 Galli
1638 1034 1709 1094 de
1745 1036 2142 1112 conparatione
2170 1053 2273 1114 pa-

282 1120 383 1178 tris
407 1127 465 1179 et
492 1115 811 1178 Ciceronis:
834 1117 1025 1178 incidit
1047 1120 1388 1196 epigramma
1410 1115 1703 1178 Ciceronis
1726 1120 1782 1178 in
1805 1118 2063 1178 Tironem
2086 1136 2268 1179 suum.
2293 1131 2356 1181 10

225 1213 262 1266 4
282 1201 463 1280 Dein,
496 1219 621 1261 cum
654 1201 888 1261 meridie
921 1203 1073 1280 (erat
1106 1203 1257 1261 enim
1288 1202 1509 1279 aestas)
1539 1200 1871 1262 dormiturus
1899 1220 1988 1261 me
2014 1205 2274 1280 recepis-

281 1304 402 1346 sem
432 1304 542 1345 nec
571 1285 879 1365 obreperet
908 1303 1167 1363 somnus,
1214 1286 1383 1365 coepi
1416 1294 1679 1365 reputare
1720 1288 1985 1346 maximos
2013 1297 2273 1348 oratores

280 1369 393 1429 hoc
424 1368 591 1429 studii
620 1387 800 1446 genus
824 1378 882 1429 et
911 1371 967 1428 in
997 1368 1471 1429 oblectationibus
1501 1368 1765 1430 habuisse
1795 1378 1853 1429 et
1881 1370 1935 1430 in
1964 1369 2131 1430 lande
2166 1388 2272 1450 po·

230 1463 262 1517 5
286 1456 488 1514 suisse.
558 1451 775 1512 Intendi
812 1454 1051 1513 animum
1085 1461 1393 1531 contraque
1425 1454 1743 1531 opinionem
1770 1469 1948 1512 meam
1978 1462 2112 1533 post
2148 1453 2273 1514 lon-

281 1554 409 1614 gam
434 1535 857 1597 desuetudinem
881 1553 1151 1615 perquam
1174 1538 1382 1613 exiguo
1404 1537 1676 1615 temporis
1700 1546 1983 1596 momento
2008 1537 2062 1597 id
2085 1540 2273 1616 ipsum
2292 1544 2355 1596 15

282 1621 435 1698 quod
464 1638 553 1680 me
576 1619 645 1679 ad
668 1619 1025 1680 scribendum
1050 1619 1454 1681 sollicitaverat
1481 1620 1567 1680 his
1599 1620 1857 1681 versibus
1891 1624 2145 1681 exaravi:

225 1716 258 1769 6
448 1702 591 1764 Cum
612 1702 790 1763 libros
822 1702 968 1765 Galli
996 1703 1269 1781 legerem,
1306 1703 1510 1782 quibus
1537 1701 1637 1764 ille
1669 1706 1884 1782 parenti

447 1805 615 1848 ausus
648 1786 717 1847 de
747 1784 1026 1848 Cicerone
1058 1787 1192 1848 dare
1217 1795 1306 1846 est
1332 1785 1682 1866 palmamque
1704 1786 2015 1867 decusque,

446 1870 717 1931 lascivum
742 1872 930 1932 inveni
953 1871 1138 1932 lusum
1167 1867 1464 1932 Ciceronis
1493 1879 1550 1932 et
1575 1869 1673 1932 illo

447 1953 811 2034 spectandum
830 1957 1082 2033 ingenio,
1119 1971 1229 2034 quo
1256 1956 1401 2017 seria
1425 1955 1671 2015 condidit
1700 1965 1757 2016 et
1786 1974 1898 2035 quo
2290 1961 2361 2013 20

447 2039 697 2099 humanis
729 2037 939 2100 salibus
967 2038 1140 2098 multo
1175 2040 1448 2116 varioque
1478 2038 1680 2119 lepore

446 2139 771 2198 magnorum
796 2121 1040 2182 ostendit
1062 2131 1281 2182 mentes
1302 2121 1553 2200 gaudere
1575 2125 1841 2183 virorum.

448 2222 572 2264 nam
600 2206 851 2281 queritur
882 2204 1032 2283 quod
1061 2205 1260 2264 fraude
1289 2206 1431 2265 mala
1458 2207 1754 2267 frustratus
1785 2215 2054 2267 amantem

449 2285 686 2364 paucula
716 2297 915 2346 cenato
939 2288 1047 2347 sibi
1080 2287 1264 2348 debita
1294 2292 1444 2349 savia
1469 2290 1599 2349 Tiro

447 2380 704 2448 tempore
727 2379 1002 2431 nocturno
1038 2371 1391 2432 subtraxerit.
1433 2374 1521 2434 his
1552 2390 1666 2451 ego
1696 2372 1882 2450 lectis,
2294 2382 2361 2433 25

448 2470 547 2510 cur
575 2453 893 2532 posthaec,
925 2457 1167 2533 inquam,
1197 2465 1423 2516 nostros
1455 2457 1701 2517 celamus
1723 2475 1964 2534 amores,

447 2533 776 2615 nullumque
803 2539 858 2597 in
887 2539 1127 2598 medium
1160 2539 1330 2599 timidi
1363 2539 1577 2617 damus,
1603 2541 1785 2619 adque
1813 2540 2051 2601 fatemur

206 2688 212 2693 .
447 2617 783 2699 Tironisque
806 2620 992 2699 dolos,
1026 2621 1246 2683 Tironis
1275 2641 1449 2683 nosse
1486 2625 1725 2702 fugaces

260 2724 374 2761 ,εν
444 2701 739 2765 blanditias
778 2714 835 2764 et
864 2706 1008 2766 furta
1039 2723 1216 2766 novas
1247 2707 1504 2767 addentia
1531 2706 1818 2767 flammas?

232 2780 496 2847 7Transii
538 2787 608 2848 ad
635 2788 867 2866 elegos;
905 2790 1011 2850 hos
1047 2806 1275 2869 quoque
1318 2809 1431 2850 non
1463 2794 1643 2851 minus
1687 2790 1953 2852 celeriter
1994 2788 2362 2870 explicuiz3o

280 2868 463 2929 addidi
494 2871 664 2948 alios,
718 2872 984 2933 facilitate
1028 2883 1345 2953 corruptus.
1410 2873 1631 2935 Deinde
1661 2876 1718 2934 in
1755 2876 1950 2935 urbem
1978 2892 2269 2949 reversus,

232 2959 267 3013 8
284 2951 569 3015 sodalibus
593 2955 725 3032 legi.
774 2956 1172 3016 Probaverunt.
1212 2956 1350 3017 Inde
1375 2958 1533 3034 plura
1558 2967 1754 3034 metra,
1782 2961 1828 3018 si
1860 2957 1989 3036 quid
2015 2958 2133 3033 otii,
2159 2974 2273 3017 ma-

278 3037 427 3095 xime
458 3038 512 3096 in
542 3040 743 3097 itinere
772 3042 1058 3119 temptavi.
1125 3040 1416 3101 Postremo
1447 3042 1657 3121 placuit
1685 3039 1949 3119 exemplo
1972 3040 2274 3099 multorum

280 3136 446 3178 unum
492 3124 791 3200 separatim
836 3121 1438 3198 hendecasyllaborum
1474 3125 1736 3185 volumen
1777 3123 2076 3184 absolvere
2094 3169 2112 3201 ,
2161 3141 2273 3183 nec

227 3211 261 3264 9
280 3204 545 3281 paenitet.
590 3202 838 3282 Legitur,
872 3206 1227 3283 describitur,
1261 3217 1505 3267 cantatur
1528 3211 1712 3284 etiam,
1741 3218 1799 3268 et
1825 3225 1857 3267 a
1873 3206 2104 3267 Graecis
2129 3223 2271 3286 quo·
2287 3214 2361 3268 35

283 3303 393 3362 que
412 3330 429 3361 ,
471 3303 614 3363 quos
641 3286 829 3348 Latine
867 3290 1028 3349 huius
1064 3288 1245 3349 libelli
1276 3308 1428 3349 amor
1458 3290 1677 3367 docuit,
1709 3309 1855 3350 nunc
1884 3291 2094 3351 cithara
2121 3308 2273 3350 nunc

199 3367 402 3444 lolyra
425 3379 776 3446 personatur.
842 3371 955 3431 Sed
981 3373 1114 3449 quid
1144 3390 1254 3449 ego
1284 3381 1391 3432 tam
1416 3371 1710 3450 gloriose?
1753 3374 2096 3453 Quamquam
2123 3380 2270 3453 poe:-

285 3455 357 3513 tis
379 3452 569 3514 furere
594 3470 930 3514 concessum
953 3464 1067 3514 est:
1113 3463 1170 3514 et
1201 3464 1384 3516 tamen
1413 3474 1524 3517 non
1546 3456 1618 3518 de
1646 3476 1774 3518 meo
1806 3459 1906 3520 sed
1936 3458 2007 3520 de
2034 3458 2274 3520 aliorum
