2467 3850
240 234 249 241 .
331 176 453 241 146
1169 177 1235 239 C.
1278 178 1470 240 PLINI

279 329 552 400 4cissime
582 339 784 390 tamen.
820 330 905 391 Ita
929 329 1182 408 adsuevi,
1212 340 1273 391 et
1302 348 1451 391 nunc
1486 340 1679 391 custos
1703 328 1884 389 adest.
1928 325 2220 404 Gallinam,
2253 338 2310 387 ut

328 432 360 472 a
389 423 445 473 te
478 414 723 490 missam,
754 414 996 475 libenter
1019 416 1251 494 accepi;
1282 431 1446 493 quam
1477 416 1612 475 satis
1640 414 1865 473 acribus
1886 412 2091 489 oculis,
2124 431 2308 491 quam-

329 515 491 575 quam
517 497 699 557 adhuc
722 498 932 577 lippum,
965 501 1387 577 pinguissimam
1414 498 1545 557 vidi.
1609 496 1768 557 Vale.
1811 536 1846 591 Ι

879 730 931 780 G.
964 730 1209 782 PLINIUS
1246 729 1517 780 FALCONI
1554 728 1671 780 SUO
1706 727 1757 778 S.

277 857 305 907 1
444 828 627 892 Minus
677 831 968 893 miraberis
1020 850 1109 892 me
1157 843 1268 891 tam
1311 834 1580 892 instanter
1619 832 1837 909 petisse
1879 838 1939 889 ut
1975 830 2031 888 in
2075 831 2312 889 amicum

326 932 511 974 meum
543 915 835 993 conferres
865 916 1226 993 tribunatum,
1280 934 1405 975 cum
1450 918 1650 975 scieris
1697 916 1821 993 quis
1862 913 1959 972 ille
1991 913 2311 991 qualisque.

324 996 561 1059 Possum
591 1008 774 1059 autem
802 1003 908 1060 iam
938 1000 1036 1059 tihi
1063 1009 1119 1059 et
1143 1016 1346 1058 nomen
1375 998 1619 1058 indicare
1657 1009 1713 1058 et
1745 997 2074 1058 describere
2103 999 2309 1075 ipsum,

281 1092 623 1161 2p0stquam
666 1082 978 1161 polliceris,
1045 1083 1149 1143 Est
1183 1081 1480 1143 Cornelius
1521 1080 1883 1158 minicianus,
1929 1091 2311 1139 ornamentum
2327 1095 2394 1147 10
2461 1078 2462 1083 ’

324 1168 573 1244 regionis
627 1183 786 1226 meae
831 1185 934 1226 seu
977 1167 1242 1244 dignitate
1289 1185 1392 1227 seu
1444 1167 1710 1227 moribus.
1783 1163 1958 1225 Natus
2010 1163 2310 1242 splendide

324 1250 565 1309 abundat
589 1250 963 1326 facultatibus,
991 1260 1134 1311 amat
1165 1250 1348 1310 studia
1376 1260 1437 1310 ut
1473 1250 1660 1311 solent
1694 1267 1996 1329 pauperes.
2039 1245 2201 1307 Idem
2222 1267 2311 1308 re-

327 1336 608 1394 ctissimus
647 1334 850 1410 iudex,
904 1334 1245 1394 fortissimus
1291 1333 1630 1410 advocatus,
1678 1336 1886 1393 amicus
1931 1330 2310 1391 fidelissimus.

273 1416 641 1496 3Accepisse
669 1428 727 1477 te
755 1418 1091 1478 beneficium
1125 1417 1363 1493 credeS‚
1419 1436 1544 1477 cum
1578 1420 1812 1496 propius
1856 1418 2179 1493 inspexeris
2212 1416 2312 1475 ho-

323 1502 558 1578 minem,
594 1502 848 1562 omnibus
877 1501 1185 1561 honoribus
1206 1548 1223 1579 ‚
1257 1502 1512 1561 omnihus
1542 1501 1716 1562 titulis
1745 1499 1910 1580 (nihil
1940 1498 2074 1559 volo
2106 1497 2311 1559 elatius
2330 1507 2392 1559 15

324 1583 395 1644 de
423 1585 836 1646 modestissimo
864 1588 986 1645 viro
1022 1586 1243 1663 dicere)
1274 1603 1483 1663 parem.
1541 1585 1700 1646 Vale.

1206 1716 1415 1778 xxm.

678 1815 733 1870 c,
772 1815 1020 1867 PLINIUS
1052 1815 1306 1867 FABATo
1339 1813 1712 1866 Pnosocnno
1751 1812 1868 1866 suo
1910 1813 1962 1867 S.

275 1936 305 1986 l
447 1914 677 1979 Gaudeo
704 1918 926 1997 quidem
955 1938 1087 1979 esse
1121 1930 1177 1979 te
1209 1929 1321 1979 tam
1351 1917 1555 1979 fortem
1583 1927 1644 1977 ut
1669 1915 1970 1977 Mediolani
2000 1918 2310 1977 occurrere
2326 1929 2394 1981 20

322 2000 511 2062 Tironi
542 2005 764 2081 possm,
805 2003 907 2064 sed
948 2011 1007 2061 ut
1035 2022 1378 2081 perseveres
1414 2019 1546 2064 esse
1575 2014 1685 2063 tam
1718 2002 1904 2077 fortis,
1932 2018 2075 2078 rogo
2105 2020 2179 2060 ne
2207 2002 2310 2061 tihi

323 2095 516 2146 contra
555 2089 826 2146 rationem
869 2089 1067 2145 aetatis
1113 2096 1320 2148 tanturn
1362 2087 1571 2147 laboris
1615 2089 1888 2162 iniungas.
1955 2084 2102 2157 Quin
2141 2088 2309 2143 immo

321 2168 586 2228 denuntio
616 2180 675 2228 ut
721 2169 875 2228 illum
920 2179 976 2227 et
1017 2169 1163 2228 domi
1201 2180 1260 2230 et
1300 2174 1440 2230 intra
1471 2172 1692 2231 domum
1732 2169 1913 2247 adque
1960 2172 2127 2229 etiam
2167 2172 2311 2228 intra

268 2269 303 2319 2
324 2251 565 2310 cubiculi
609 2252 776 2314 limen
820 2262 1147 2330 exspectes.
1211 2253 1434 2312 Etenim
1467 2273 1592 2314 cum
1620 2274 1653 2314 a
1679 2272 1768 2314 me
1799 2263 1858 2312 ut
1895 2252 2069 2313 frater
2108 2252 2310 2331 diliga-

321 2343 432 2409 tur,
457 2352 570 2393 non
602 2335 773 2394 debet
802 2335 871 2394 ab
901 2353 973 2394 eo
1005 2354 1169 2413 quem
1204 2354 1318 2414 ego
1346 2341 1593 2416 parentis
1624 2338 1757 2399 loco
1792 2338 2037 2397 observo
2068 2340 2395 2414 exigere25

321 2416 564 2476 officium
595 2418 744 2496 quod
777 2421 991 2498 parenti
1021 2437 1125 2479 suo
1150 2422 1481 2482 remisisset.
1544 2422 1702 2483 Vale.

1192 2553 1429 2615 XXIIII.

877 2652 932 2709 C.
971 2654 1216 2706 PLINIUS
1254 2656 1496 2707 GEMINO
1539 2654 1658 2707 SUO
1696 2656 1750 2707 S.

278 2763 305 2814 1
446 2751 714 2812 Ummidia
739 2751 1083 2825 Quadratilla
1106 2755 1276 2833 paulo
1299 2759 1477 2815 minus
1510 2757 1900 2832 octogensimo
1932 2758 2131 2815 aetatis
2162 2772 2394 2826 anno30

317 2835 590 2912 decessit,
623 2855 803 2915 usque
833 2837 903 2897 ad
927 2840 1286 2899 novissimam
1314 2838 1670 2899 valitudinem
1689 2840 1903 2915 viridis,
1936 2838 2118 2916 adque
2138 2841 2309 2898 etiam

268 2917 460 2981 2ultra
496 2920 858 2980 matronalem
895 2921 1119 2980 modum
1163 2933 1462 3001 compacto
1502 2941 1744 3001 corpore
1786 2933 1844 2982 et
1871 2923 2128 2983 robust0.
2169 2921 2308 2980 .De-

317 3003 492 3063 cessit
521 3000 918 3065 honestissimo
949 3015 1315 3068 testamento:
1345 3008 1571 3084 reliquit
1598 3007 1865 3083 heredeS,
1903 3025 1977 3066 ex
2007 3006 2180 3066 besse
2205 3025 2307 3065 ne·

316 3094 532 3162 potem,
566 3104 640 3144 ex
669 3089 829 3148 tertia
857 3099 1016 3166 parte
1044 3101 1291 3169 neptem.
1353 3089 1597 3169 Neptem
1626 3108 1820 3169 parum
1844 3092 1997 3166 novi,
2031 3099 2307 3168 nepotem

315 3168 741 3230 familiarissime
778 3171 985 3250 diligo,
1028 3173 1453 3235 adulescentem
1479 3173 1819 3251 singularem
1848 3193 1957 3233 nec
1989 3175 2058 3234 iis
2088 3183 2302 3234 tantum
2321 3182 2390 3237 35

265 3261 301 3313 3
321 3270 465 3329 quos
500 3255 767 3329 sanguine
802 3258 1019 3333 attingit
1048 3259 1193 3317 inter
1213 3260 1562 3337 propinquos
1585 3257 1890 3317 amandum.
1942 3257 2027 3317 Ac
2062 3259 2304 3335 primum

316 3338 656 3413 conspicuus
687 3337 865 3398 forma
903 3357 1098 3398 omnes
1138 3359 1430 3401 sermones
1472 3341 1838 3418 malignorum
1871 3350 1930 3400 et
1957 3359 2104 3419 puer
2127 3351 2190 3400 et
2218 3343 2306 3401 in-

310 3421 471 3483 venis
507 3422 714 3483 evasit:
757 3424 897 3482 intra
940 3433 1192 3502 quartum
1224 3433 1282 3484 et
1320 3428 1684 3487 vicensimum
1715 3443 1913 3486 annum
1949 3427 2200 3504 maritus,
2240 3435 2305 3487 et

1231 630 1415 692 xxn.
2322 674 2357 725 5
2429 703 2460 735 ,Ι
