2467 3850
348 179 471 243 228
941 174 1007 236 G.
1053 175 1248 236 PLINI
1289 175 1386 236 ET
1427 172 1737 236 TRAIANI

346 330 780 392 vindicationem
804 328 1081 389 bonorum
1115 345 1146 386 a
1177 327 1310 387 divo
1341 326 1602 403 Augusto
1628 325 1934 403 adfirmant,
1972 326 2209 387 debebis
2239 344 2332 386 va-

349 433 482 476 care
525 415 827 474 contractis
870 412 1125 473 omnibus
1163 413 1426 491 personis
1454 410 1525 470 ad
1557 410 1705 470 idem
1734 412 2023 487 negotium
2049 413 2332 487 pertinen-
2463 440 2464 503 χ

348 501 534 576 tibus,
591 498 850 558 adhibitis
889 495 1081 555 Virdio
1124 493 1439 555 Gemellino
1470 503 1529 554 et
1548 493 1898 593 Epimacho,
1940 493 2145 554 liberto
2180 511 2330 571 meo,

348 582 810 682 procuratoribus
826 627 843 658 ,
886 589 947 640 ut
986 578 1293 640 aestimatis
1338 580 1504 638 etiam
1542 580 1615 638 iis
1656 594 1801 655 quae
1843 586 2038 638 contra
2076 578 2334 639 dicuntur

351 666 503 745 quod
533 667 801 744 optimum
831 662 1187 726 credideritis
1213 664 1488 722 statuatis.
2347 665 2377 716 5

1072 794 1341 857 Lxxxv
1389 793 1614 875 [xm]

785 899 841 954 G.
875 896 1123 951 PLINIUS
1154 895 1438 948 TRAIANO
1472 893 1887 950 IMPERATORI.

471 998 799 1078 Maximum,
843 998 1107 1059 libertum
1148 1006 1206 1058 et
1234 1006 1662 1076 procuratorem
1688 1005 1874 1074 tuum,
1924 996 2147 1058 domine
2163 1043 2182 1075 ,
2226 1016 2331 1077 per

283 1094 289 1101 ’
350 1104 515 1147 omne
542 1095 764 1164 tempus
792 1100 906 1162 quo
936 1083 1137 1144 fuimus
1170 1100 1277 1141 una
1306 1082 1547 1160 probum
1574 1090 1634 1142 et
1656 1080 1984 1142 industrium
2011 1090 2071 1141 et
2091 1081 2329 1159 diligen·
2346 1089 2404 1142 10

345 1182 462 1231 tem
499 1188 569 1229 ac
610 1169 755 1228 sicut
795 1169 879 1228 rei
917 1176 1046 1227 tuae
1089 1167 1524 1227 amantissimum
1555 1167 1631 1225 ita
1675 1164 2003 1243 disciplinae
2034 1166 2328 1226 tenacissi-

346 1272 495 1313 mum
527 1262 797 1330 expertus
816 1296 834 1329 ,
877 1250 1122 1312 libenter
1147 1249 1298 1328 apud
1327 1260 1387 1311 te
1415 1249 1741 1312 testimonio
1774 1264 2094 1328 prosequor
2123 1268 2193 1309 ea
2220 1250 2328 1311 fide
2411 1302 2416 1305 .

348 1355 512 1417 quam
543 1336 644 1396 tibi
673 1334 880 1394 debeo.

708 1546 711 1549 Α
1025 1467 1326 1530 Lxxxvl.
1372 1466 1628 1547 [xvnm

783 1569 837 1622 C.
879 1569 1125 1621 PLINIUS
1159 1567 1442 1621 TRAIANO
1472 1568 1881 1620 IMPERATORI.

293 1687 326 1737 1
476 1670 705 1732 Gabium
731 1672 998 1747 Bassum,
1026 1673 1282 1750 domine,
1312 1671 1662 1751 praefectum
1698 1690 1829 1732 orae
1865 1670 2155 1747 Ponticae,
2187 1672 2327 1729 inte-

349 1773 543 1833 grum,
586 1756 856 1834 probum,
895 1757 1256 1832 industrium,
1299 1766 1470 1834 atque
1500 1757 1648 1816 inter
1676 1757 1784 1816 ista
1810 1754 2328 1817 reverentissimum

346 1840 458 1899 mei
482 1849 773 1919 expertus,
802 1850 937 1900 voto
960 1841 1170 1918 pariter
1192 1849 1249 1900 et
1273 1840 1541 1917 suffragio
1577 1857 1898 1918 prosequor
1932 1856 2000 1899 ea
2026 1837 2135 1897 fide
2166 1855 2329 1916 quam

346 1924 446 1984 tibi
480 1922 666 1985 debeo
705 1933 741 1994 †
776 1942 941 2004 quam
982 1943 1051 1985 ea
1080 1942 1225 2004 quae
1262 1933 1459 2004 speret
1485 1925 1817 1985 instructum
1847 1920 2172 1984 commilitio
2203 1932 2323 1998 tuo,
2343 1935 2408 1987 20

293 2023 328 2074 2
349 2010 506 2068 cuius
539 2007 869 2086 disciplinae
905 2008 1077 2070 debet
1104 2009 1257 2089 quod
1285 2008 1627 2086 indulgentia
1653 2019 1750 2069 tua
1778 2009 1979 2085 dignus
2007 2016 2114 2067 est.
2158 2004 2326 2085 Apud

346 2110 437 2152 me
467 2101 525 2152 et
552 2091 757 2152 milites
785 2101 843 2153 et
868 2094 1092 2171 pagani,
1122 2111 1155 2153 a
1183 2094 1387 2172 quibus
1418 2095 1625 2153 iustitia
1654 2094 1776 2153 eius
1803 2102 1863 2153 et
1891 2092 2196 2151 humanitas
2225 2108 2328 2168 pe-

343 2176 492 2234 nitus
522 2176 781 2253 inspecta
813 2185 936 2253 est,
975 2179 1229 2237 certatim
1263 2178 1317 2237 ei
1349 2194 1457 2256 qua
1487 2179 1744 2254 privatim
1772 2195 1880 2255 qua
1908 2175 2139 2254 publice
2168 2175 2327 2234 testi-

343 2260 528 2317 monia
568 2259 1000 2335 pertribuerunt.
1068 2259 1234 2333 Quod
1280 2260 1337 2321 in
1378 2261 1629 2321 notitiam
1668 2272 1817 2322 tuam
1857 2259 2088 2338 perfero
2117 2276 2186 2319 ea
2215 2256 2325 2319 fide

346 2358 512 2418 quam
541 2341 640 2400 tibi
677 2341 879 2404 debe0.
2341 2350 2405 2402 25

998 2476 1325 2539 Lxxxvu.
1372 2474 1649 2556 [xv1111.]

784 2574 839 2629 C.
879 2575 1127 2629 PLINIUS
1158 2573 1449 2629 TRAIANO
1483 2576 1894 2631 IMPERATORI.

290 2694 320 2744 1
467 2680 859 2760 Nymphidium
885 2680 1122 2762 Lupum,
1148 2679 1394 2760 domine,
1431 2680 1860 2761 primipilarem,
1893 2678 2329 2742 commilitonem

344 2764 544 2841 habui,
579 2766 855 2844 cumipse
885 2767 1136 2826 tribunus
1168 2783 1392 2843 essem,
1422 2763 1520 2826 ille
1550 2765 1906 2845 praefectus:
1939 2765 2068 2825 inde
2097 2763 2409 2831 familia-30

340 2852 478 2908 riter
518 2847 757 2926 diligere
799 2851 984 2929 coepi.
1048 2848 1243 2910 Crevit
1277 2858 1478 2928 postea
1512 2852 1713 2910 caritas
1752 2852 1878 2929 ipsa
1916 2859 2135 2910 mutuae
2164 2858 2328 2908 vetu-
2463 2925 2464 2932 ἵ

296 2940 493 2991 2state
536 2934 829 2993 amicitiae.
889 2932 1084 3012 Itaque
1127 2943 1186 2994 et
1216 2935 1390 3012 quieti
1431 2935 1553 2994 eius
1591 2935 1760 2994 inieci
1800 2951 2018 2994 manum
2057 2941 2115 2993 et
2155 2934 2332 3009 exegi
2463 2945 2464 3014 l

344 3024 403 3074 ut
433 3031 523 3073 me
553 3017 609 3075 in
635 3015 892 3091 Bithynia
924 3015 1162 3076 consilio
1194 3019 1518 3079 instrueret.
1573 3017 1746 3091 Quod
1778 3016 1878 3078 ille
1905 3018 2241 3077 amicissime
2271 3026 2331 3075 et

346 3098 444 3154 otii
473 3106 531 3156 et
562 3102 870 3161 senectutis
899 3102 1114 3161 ratione
1143 3103 1462 3181 postposita
1490 3111 1549 3162 et
1576 3103 1683 3161 iam
1704 3101 1842 3162 fecit
1864 3112 1921 3162 et
1945 3101 2192 3163 facturus
2216 3110 2327 3161 est.

296 3187 329 3239 3
349 3177 563 3275 Quibus
592 3199 667 3239 ex
697 3186 881 3243 causis
907 3183 1357 3246 necessitudines
1381 3185 1504 3246 eius
1527 3187 1672 3246 inter
1690 3204 1844 3247 meas
1866 3201 2120 3261 numeru,
2154 3183 2464 3252 filium35

345 3263 403 3321 in
431 3262 657 3339 primis,
688 3263 1081 3344 Nymphidium
1113 3265 1363 3347 Lupum,
1406 3271 1667 3330 iuvenem
1694 3270 1968 3349 probum,
1998 3268 2330 3328 industrium

2344 1518 2403 1570 15

248 3415 259 3438 x
346 3354 405 3403 et
434 3347 668 3419 egregio
696 3357 857 3424 patre
902 3348 1318 3428 dignissimum,
1360 3353 1726 3412 suffecturum
1758 3352 2136 3430 indulgentiae
2166 3361 2330 3420 tuae;

347 3428 493 3486 sicut
520 3428 712 3505 primis
755 3432 877 3489 eius
919 3433 1322 3509 experimentis
1367 3453 1724 3513 cognoscere
1765 3445 1969 3516 poteS,
2007 3454 2133 3498 cum
2163 3453 2331 3514 prae·
