2467 3850
338 201 460 265 114
1180 198 1245 260 C.
1290 197 1482 261 PLINI

1294 350 1367 411 X.
1467 379 1471 390 ι

902 452 954 503 C.
993 450 1243 503 PLINIUS
1281 450 1516 501 ALBINO
1551 449 1669 502 SUO
1707 449 1761 505 S.

285 583 316 633 1
457 565 597 627 Cum
625 568 911 627 venissem
936 569 991 626 in
1020 585 1220 629 socrus
1249 585 1410 628 meae
1435 565 1623 626 villam
1654 565 2010 641 Alsiensem,
2045 582 2188 642 quae
2214 566 2310 625 ali-

338 649 558 732 quando
588 650 715 710 Rufi
741 650 972 728 Vergini
1014 651 1149 729 fuit,
1192 653 1320 731 ipse
1355 649 1485 710 mihi
1524 649 1688 709 locus
1723 649 1913 729 optimi
1940 647 2090 706 illius
2120 658 2178 707 et
2204 668 2311 709 ma-

340 738 473 799 ximi
513 736 618 794 viri
663 734 1003 807 desiderium
1046 752 1159 794 non
1191 738 1314 795 sine
1357 734 1556 794 dolore
1587 734 1896 793 renovavit.
1964 730 2127 790 Hunc
2170 736 2312 792 enim
2331 747 2364 796 5

339 819 538 881 colere
569 836 862 879 secessum
904 827 1070 896 atque
1109 820 1277 878 etiam
1316 819 1625 879 senectutis
1668 834 1804 876 suae
1833 813 2089 888 nidulum*
2107 834 2313 876 vocare

286 915 322 966 2
342 911 730 964 consueverat.
775 900 1144 980 Quocumque
1174 920 1265 962 me
1291 900 1677 977 contulissem,
1706 899 1862 959 illum
1891 901 2133 976 animus,
2161 898 2313 958 illum

342 986 493 1046 oculi
530 985 907 1063 requirebant.
970 985 1152 1046 Libuit
1194 987 1361 1045 etiam
1387 986 1782 1047 monimentum
1816 985 1938 1043 eius
1978 981 2208 1060 videre,
2258 993 2314 1043 et

284 1071 545 1134 3vidisse
574 1071 859 1147 paenituit.
925 1068 1032 1129 Est
1063 1071 1208 1129 enim
1232 1067 1413 1131 adhuc
1440 1066 1847 1147 inperfectum,
1881 1085 1988 1126 nec
2018 1064 2314 1126 difficultas

338 1156 529 1233 operis
558 1155 613 1212 in
644 1170 843 1230 causa,
886 1153 1090 1213 modici
1130 1171 1197 1211 ac
1228 1155 1414 1230 potius
1445 1153 1666 1229 exigui,
1714 1149 1818 1211 sed
1847 1152 2043 1210 inertia
2071 1151 2193 1210 eius
2227 1153 2313 1210 cui
2332 1156 2401 1209 10

339 1256 472 1298 cura
507 1235 759 1296 mandata
793 1246 901 1297 est.
969 1235 1129 1296 Subit
1156 1236 1459 1312 indignatio
1487 1254 1613 1296 cum
1639 1236 2027 1309 miseratione,
2059 1244 2191 1311 post
2221 1233 2315 1312 de·

339 1322 542 1394 cimum
566 1321 759 1380 mortis
791 1337 990 1380 annum
1012 1320 1278 1399 reliquias
1307 1319 1741 1397 neglectumque
1774 1319 2019 1380 cinerem
2041 1318 2160 1376 sine
2191 1319 2315 1394 titu-

337 1404 429 1481 lo,
471 1407 593 1464 sine
626 1406 846 1463 nomine
875 1406 1062 1464 iacere
1080 1449 1098 1479 ,
1144 1405 1303 1464 cuius
1330 1403 1594 1462 memoria
1621 1403 1816 1461 orbem
1842 1411 2110 1462 terrarum
2138 1399 2318 1477 gloria

288 1495 698 1567 4pervagetur.
741 1487 833 1546 Ad
862 1487 960 1547 ille
981 1486 1336 1547 mandaverat
1365 1496 1705 1563 caveratque
1734 1494 1795 1544 ut
1825 1483 2066 1545 divinum
2092 1483 2231 1544 illud
2261 1493 2319 1544 et

338 1570 630 1632 inmortale
659 1570 867 1631 sactum
892 1572 1151 1631 versibus
1180 1571 1610 1633 inscriberetur:
2336 1578 2402 1630 15
2456 1573 2457 1576 ’

564 1654 660 1714 hic
690 1658 830 1715 situs
862 1665 949 1715 est
978 1647 1158 1713 Rufus
1176 1700 1192 1732 ,
1236 1654 1401 1732 pulso
1431 1656 1524 1732 qui
1551 1652 1784 1714 Vindice
1817 1650 2091 1731 quondam

716 1741 1007 1817 imperium
1033 1738 1280 1798 adseruit
1310 1755 1421 1798 non
1449 1738 1555 1798 sibi
1585 1736 1687 1796 sed
1717 1738 1949 1814 patriae.

289 1824 474 1885 5Tam
501 1841 623 1883 rara
655 1824 711 1882 in
752 1825 1005 1883 amicitiis
1037 1821 1212 1900 fides,
1254 1832 1364 1881 tam
1407 1830 1596 1900 parata
1639 1819 1849 1879 oblivio
1885 1827 2229 1879 mortuorum
2262 1829 2320 1878 ut

338 1911 450 1988 ipsi
476 1908 638 1969 nobis
669 1905 971 1968 debeamus
1000 1909 1165 1966 etiam
1194 1905 1501 1967 conditoria
1534 1913 1794 1966 extruere
1828 1904 2123 1982 omniaque
2151 1901 2320 1962 here-

288 2003 322 2055 6
341 1994 468 2053 dum
491 1992 676 2052 officia
707 2009 1088 2070 praesumere.
1142 1988 1284 2048 Nam
1313 1992 1402 2050 cui
1437 2006 1550 2050 non
1594 1997 1684 2048 est
1709 1987 2014 2048 verendum
2049 1986 2203 2065 quod
2233 1988 2407 2054 iri—20

340 2076 534 2136 demus
577 2074 856 2134 accidisse
889 2069 1202 2149 Verginio?
1253 2077 1411 2133 cuius
1452 2074 1704 2132 iniuriam
1739 2082 1798 2132 ut
1836 2070 2207 2149 indigniorem
2235 2071 2321 2132 sic

340 2161 504 2219 etiam
532 2159 807 2217 notiorem
835 2158 1011 2237 ipsius
1045 2154 1264 2216 claritas
1298 2156 1448 2217 facit.
1507 2156 1668 2217 Vale.

892 2407 945 2458 C.
978 2406 1226 2458 PLINIUS
1264 2407 1521 2458 MAXIMO
1555 2407 1673 2458 SUO
1710 2406 1762 2460 S.
2345 2453 2411 2504 25

290 2540 318 2591 1
466 2524 513 2584 Ο
542 2523 688 2584 diem
721 2524 957 2586 laetum!
1001 2525 1278 2588 adhibitus
1317 2531 1373 2587 in
1411 2527 1703 2589 consilium
1741 2544 1773 2585 a
1815 2525 2111 2604 praefecto
2142 2526 2327 2604 urbiS,
2456 2524 2457 2537 ¹

340 2607 522 2667 audivi
552 2627 625 2668 ex
656 2607 879 2669 diverso
905 2620 1140 2687 agentes
1170 2629 1416 2671 summae
1448 2613 1605 2689 spei,
1652 2627 1898 2669 summae
1929 2608 2134 2669 indolis
2165 2611 2329 2669 iuve-

339 2711 475 2771 nes,
506 2692 750 2752 Fuscum
783 2692 1145 2755 Salinatorem
1174 2704 1231 2755 et
1260 2694 1589 2757 Ummidium
1622 2692 1990 2770 Quadratum,
2027 2695 2328 2770 egregium

340 2795 441 2854 par
468 2795 578 2837 nec
616 2776 783 2837 modo
812 2779 1161 2858 temporibus
1202 2780 1412 2838 nostris
1455 2777 1559 2838 sed
1589 2777 1788 2837 litteris
1819 2778 1958 2854 ipsis
1989 2786 2327 2836 ornamento
2456 2832 2457 2843 ,

288 2861 595 2924 2futurum.
639 2859 777 2920 Mira
809 2863 1028 2939 utrique
1060 2863 1344 2939 probitaS,
1382 2863 1690 2921 constantia
1719 2860 1906 2938 salva,
1952 2860 2200 2920 decorus
2229 2860 2329 2918 ha·
2348 2865 2421 2918 30
2456 2850 2457 2911 l

338 2944 510 3019 bitus,
542 2960 610 3002 os
633 2942 902 3022 Latinum,
934 2963 1046 3004 vox
1075 2944 1274 3021 virilis,
1300 2955 1470 3005 tenax
1500 2946 1786 3021 memoria,
1817 2955 2077 3020 magnum
2103 2945 2333 3020 ingeni-

337 3044 449 3103 um,
482 3025 740 3085 iudicium
769 3027 1035 3105 aequale;
1067 3047 1210 3106 quae
1239 3027 1455 3105 singula
1488 3028 1618 3087 mihi
1646 3027 1925 3107 voluptati
1954 3026 2204 3105 fuerunt,
2232 3027 2333 3087 ad·

339 3127 450 3187 que
492 3113 637 3169 inter
674 3110 815 3170 haec
856 3111 1027 3189 illud,
1073 3110 1223 3191 quod
1267 3122 1325 3171 et
1362 3115 1471 3189 ipsi
1502 3131 1591 3171 me
1623 3121 1684 3171 ut
1710 3121 2027 3189 rectorem,
2061 3120 2122 3170 ut
2149 3113 2335 3187 magi-

338 3203 510 3252 strum
549 3193 901 3254 intuebantur
942 3204 999 3255 et
1039 3196 1107 3255 ii's
1149 3197 1244 3273 qui
1280 3194 1576 3255 audiebant
1604 3213 1695 3255 me
1725 3194 2026 3271 aemulari,
2069 3196 2214 3253 meis
2247 3197 2335 3253 in·
2456 3262 2457 3265 Ἴ

284 3288 320 3341 3
338 3287 485 3336 stare
514 3278 770 3352 vestigiis
800 3278 1145 3337 videbantur.
1211 3278 1262 3337 Ο
1293 3279 1439 3338 diem
1469 3281 1749 3356 (repetam
1777 3278 1953 3355 enim)
1986 3276 2197 3336 laetum
2227 3286 2425 3340 no-35
2456 3290 2457 3315 ³

339 3360 674 3436 tandumque
715 3360 845 3418 mihi
890 3360 1281 3420 candidissimo
1311 3360 1560 3421 calculo!
1619 3360 1765 3434 Quid
1794 3363 1940 3420 enim
1966 3371 2060 3420 aut
2091 3359 2339 3439 publice

340 3443 539 3503 laetius
581 3459 745 3521 quam
786 3442 1127 3505 clarissimos
1167 3446 1401 3504 iuvenes
1438 3461 1642 3505 nomen
1685 3455 1744 3506 et
1780 3444 1981 3507 famam
2023 3462 2099 3507 ex
2126 3443 2340 3506 studiis
