2467 3850
763 222 1285 286 PANEGYRICUS
1314 236 1363 290 6.
1391 235 1441 290 7.
1465 235 1515 289 8.
2010 229 2135 292 243

152 374 430 439 solebant.
471 373 556 437 Ita
585 376 732 437 filius
764 395 832 437 ac
861 395 1066 456 parens
1092 395 1203 437 uno
1235 376 1552 456 eodemque
1578 387 1860 438 momento
1888 397 2007 439 rem
2023 396 2134 441 ma—

151 464 350 521 ximam
390 463 634 521 invicem
675 463 1063 539 praestitistis:
1113 460 1212 520 ille
1256 461 1357 521 tibi
1402 463 1691 540 imperium
1726 462 1910 541 dedit,
1962 472 2020 523 tu
2053 463 2136 525 illi

150 543 463 605 reddidisti.
534 543 704 606 Solus
736 562 877 622 ergo
904 545 973 605 ad
1001 545 1112 604 hoc
1140 547 1266 606 aevi
1297 561 1400 622 pro
1428 563 1658 605 munere
1690 555 1840 607 tanto
1864 550 2015 625 paria
2043 566 2135 608 ac-

153 630 421 706 cipiendo
465 628 683 706 fecisti,
737 630 901 688 immo
936 628 1084 690 ultro
1126 628 1347 690 dantem
1383 629 1679 706 obligasti:
1730 632 2135 693 communicato

97 716 303 773 5enim
332 714 566 792 imperio
607 712 907 774 sollicitior
947 722 1039 791 tu,
1087 713 1187 772 ille
1228 715 1487 774 securior
1528 713 1709 773 factus
1750 724 1859 774 est.
1944 714 1992 774 0
2033 734 2137 775 no«
2162 717 2199 782 7

151 815 284 857 vum
309 805 475 875 atque
504 797 806 857 inauditum
833 797 903 856 ad
933 798 1305 877 principatum
1337 797 1471 858 iter!
1530 796 1658 857 Non
1685 807 1743 857 te
1774 802 2004 876 propria
2034 817 2134 858 cu-

150 880 390 961 piditas,
443 883 705 960 proprius
748 890 967 958 metus,
1018 882 1123 943 sed
1165 881 1346 941 aliena
1395 880 1604 941 utilitas
1623 927 1641 958 ,
1702 880 1921 941 alienus
1971 885 2137 944 timor

151 966 462 1043 principem
489 965 646 1025 fecit.
685 965 942 1026 Videaris
966 964 1103 1026 licet
1131 965 1283 1045 quod
1317 975 1405 1026 est
1434 965 1832 1044 amplissimum
1862 983 2136 1027 consecu-

147 1059 242 1110 tus
270 1052 415 1109 inter
439 1048 689 1110 homines
709 1096 727 1128 ,
759 1050 983 1111 felicius
1013 1058 1194 1110 tamen
1215 1058 1338 1110 erat
1358 1049 1495 1109 illud
1518 1049 1668 1128 quod
1690 1049 1999 1128 reliquisti:
2030 1051 2136 1111 sub

65 1147 137 1200 10
152 1134 304 1193 hono
336 1134 591 1212 principe
622 1136 870 1213 privatus
905 1149 1037 1195 esse
1067 1133 1284 1194 desisti.
1328 1134 1673 1211 Adsumptus
1706 1153 1770 1195 es
1801 1135 1857 1194 in
1883 1134 2137 1195 laborum

154 1235 520 1295 curarumque
544 1221 906 1296 consortium,
936 1237 1044 1278 nec
1063 1229 1121 1279 te
1145 1236 1420 1299 prospera
1445 1228 1502 1278 et
1530 1218 1674 1278 laeta
1699 1220 1949 1279 stationis
1977 1219 2137 1280 istius

154 1302 256 1362 sed
286 1319 485 1381 aspera
517 1311 575 1362 et
610 1301 743 1362 dura
774 1302 845 1363 ad
874 1302 1277 1381 capessendam
1306 1320 1427 1362 eam
1453 1302 1852 1382 conpulerunt:
1881 1305 2138 1381 suscepi·

154 1387 229 1448 sti
262 1388 583 1464 imperium,
628 1395 923 1465 postquam
952 1387 1119 1446 alium
1150 1389 1407 1465 suscepti
1437 1388 1777 1466 paenitebat.
1849 1385 2016 1447 Nulla
2045 1387 2140 1446 ad·

155 1470 333 1546 optati
362 1487 487 1528 cum
518 1487 589 1529 eo
618 1472 712 1548 qui
741 1470 1040 1550 adoptabat
1070 1473 1368 1548 cognatio,
1422 1469 1573 1530 nulla
1617 1471 1986 1531 necessitudo
2031 1472 2139 1531 nisi

68 1565 136 1617 15
156 1552 307 1632 quod
331 1561 566 1631 uterque
591 1556 832 1632 optimus
861 1563 979 1614 erat
995 1600 1012 1631 ‚
1043 1552 1360 1633 dignusque
1384 1553 1525 1613 alter
1548 1553 1705 1630 eligi,
1735 1555 1878 1613 alter
1899 1555 2138 1632 eligere.

154 1638 349 1715 Itaque
373 1638 667 1716 adoptatus
693 1656 757 1698 es
773 1683 791 1713 ,
824 1655 936 1697 non
953 1683 969 1713 ,
1000 1647 1060 1697 ut
1084 1639 1241 1714 prius
1267 1636 1409 1695 alius
1435 1647 1601 1715 atque
1629 1636 1769 1696 alius
1787 1683 1803 1713 ,
1828 1640 1883 1697 in
1910 1641 2138 1715 gratiam

152 1723 362 1780 uxoris,
390 1721 644 1782 Adscivit
664 1723 811 1782 enim
838 1728 894 1781 te
915 1720 1083 1779 lilium
1099 1738 1211 1780 non
1228 1722 1459 1781 vitricus
1479 1720 1581 1780 sed
1599 1723 1887 1798 princeps,
1911 1722 2139 1782 eodem-

154 1824 266 1883 que
297 1806 478 1864 animo
510 1805 668 1865 divus
696 1804 884 1865 Nerva
916 1814 1077 1883 pater
1107 1813 1233 1865 tuus
1264 1803 1446 1864 factus
1483 1813 1570 1865 est
1592 1820 1705 1880 quo
1729 1814 1848 1863 erat
1878 1806 2135 1863 omnium.

153 1888 279 1951 Nec
304 1889 470 1950 decet
492 1889 653 1949 aliter
675 1889 845 1950 filium
863 1889 1110 1967 adsumi,
1146 1890 1193 1951 si
1214 1887 1532 1949 adsumatur
1556 1905 1588 1947 a
1611 1888 1885 1964 principe.
1929 1886 2015 1947 An
2049 1905 2139 1947 se·

65 1978 139 2031 20
155 1984 342 2034 natum
383 1973 763 2052 populumque
792 1973 1132 2051 Romanum,
1177 1973 1494 2049 exercitus,
1546 1972 1900 2049 provincias,
1946 1973 2138 2031 socios

153 2058 578 2118 transmissurus
596 2060 712 2135 uni,
738 2074 1136 2118 successorem
1158 2077 1191 2116 e
1216 2059 1339 2116 sinu
1362 2057 1554 2116 uxoris
1570 2056 1843 2135 accipias,
1867 2072 2139 2115 summae-

155 2158 267 2220 que
297 2142 595 2219 potestatis
618 2141 888 2201 heredem
911 2151 1119 2202 tantum
1144 2143 1286 2200 intra
1309 2140 1530 2201 domum
1549 2150 1697 2200 tuam
1721 2135 2000 2218 quaeras?
2027 2155 2140 2198 non

152 2235 328 2285 totam
351 2244 456 2305 per
478 2228 756 2286 civitatem
787 2226 1147 2286 circumferas
1177 2225 1401 2301 oculos,
1429 2234 1487 2285 et
1508 2224 1657 2284 hunc
1681 2224 1781 2283 tibi
1803 2225 2137 2302 proximum,

155 2309 304 2369 hunc
334 2311 847 2371 coniunctissimum
879 2313 1164 2371 existimes
1195 2328 1363 2388 quem
1388 2311 1690 2386 optimum,
1724 2325 1889 2387 quem
1924 2307 2028 2368 diis
2065 2308 2138 2367 si·

67 2402 140 2456 25
156 2392 439 2453 millimum
465 2392 791 2455 inveneris?
835 2393 1210 2474 imperaturus
1241 2394 1494 2455 omnibus
1520 2391 1653 2470 eligi
1679 2391 1851 2452 debet
1872 2411 1945 2452 ex
1967 2393 2139 2451 omni-

154 2479 281 2538 bus.
320 2477 446 2538 Non
477 2481 621 2538 enim
653 2478 895 2540 servulis
927 2481 1038 2539 tuis
1072 2479 1385 2556 dominum,
1429 2487 1489 2537 ut
1522 2479 1710 2555 possis
1741 2495 1873 2537 csse
1906 2485 2140 2537 conten-

155 2573 247 2623 tus
281 2565 438 2640 quasi
465 2565 791 2622 necessario
822 2563 1031 2622 herede
1050 2608 1068 2639 ,
1102 2562 1204 2622 sed
1236 2564 1548 2640 principem
1580 2561 1797 2620 civibus
1819 2560 2044 2620 daturus
2075 2576 2140 2617 es

155 2648 476 2724 imperator.
524 2647 837 2722 Superbum
866 2645 1016 2705 istud
1047 2654 1105 2705 et
1134 2648 1373 2723 regium,
1404 2647 1511 2703 nisi
1541 2644 1781 2720 adoptes
1814 2661 1940 2701 eum
1974 2659 2142 2719 quem

160 2738 381 2789 constet
403 2731 795 2807 imperaturum
820 2727 1032 2804 fuisse,
1064 2731 1278 2787 etiamsi
1305 2745 1417 2787 non
1445 2728 1798 2805 adoptasses.
1843 2726 2005 2784 Fecit
2030 2724 2142 2783 boc

70 2812 380 2888 30Nerva,
423 2812 556 2870 nihil
590 2815 869 2871 interesse
896 2811 1189 2870 arbitratus
1218 2813 1485 2887 genueris
1514 2828 1583 2869 an
1614 2808 1861 2886 elegeris
1880 2854 1896 2885 ,
1930 2808 1979 2865 si
2011 2824 2139 2885 per·

157 2897 286 2957 inde
328 2898 448 2956 sine
492 2896 698 2955 iudicio
727 2893 1062 2973 adoptentur
1087 2894 1253 2954 liberi
1281 2912 1347 2953 ac
1376 2902 1706 2961 nascuntur;
1746 2893 1852 2950 nisi
1883 2890 2034 2969 quod
2059 2901 2140 2951 ta-

157 2998 284 3041 men
312 2981 578 3058 aequiore
611 2980 790 3039 animo
835 2978 1018 3038 ferunt
1047 2977 1301 3037 homines
1333 2994 1501 3056 quem
1527 2979 1799 3053 princeps
1827 2991 2023 3053 parum
2055 2974 2140 3034 fe-

159 3066 350 3125 liciter
390 3066 583 3141 genuit
626 3080 788 3142 quam
830 3079 997 3142 quem
1036 3061 1181 3121 male
1222 3062 1417 3139 elegit.
1506 3059 1719 3121 Sedulo
1767 3077 1906 3136 ergo
1947 3060 2141 3119 vitavit
2178 3059 2219 3122 8

160 3150 309 3208 hunc
341 3165 562 3225 casum,
613 3166 721 3207 nec
751 3147 951 3206 iudicia
979 3145 1259 3204 hominum
1300 3144 1403 3205 sed
1446 3143 1675 3204 deorum
1718 3144 1881 3202 etiarn
1915 3144 1971 3202 in
2006 3162 2137 3204 con-

0 3282 3 3291 ,
75 3243 148 3298 35
168 3233 352 3293 silium
392 3231 720 3310 adsumpsit.
796 3231 990 3309 Itaque
1031 3231 1110 3288 tui
1147 3247 1260 3288 non
1302 3232 1356 3288 in
1389 3227 1651 3288 cubiculo
1681 3225 1784 3288 sed
1815 3228 2135 3306 intemp10,

161 3336 274 3377 nec
303 3327 430 3376 ante
458 3315 735 3393 genialem
763 3324 941 3377 torum
970 3313 1072 3375 sed
1100 3323 1227 3374 aute
1256 3312 1509 3390 pulvinar
1528 3311 1681 3371 Iovis
1706 3314 1897 3388 optimi
1919 3311 2140 3371 maximi

163 3400 395 3477 adoptio
424 3410 652 3478 peracta
681 3408 798 3468 est;
828 3418 934 3479 qua
961 3397 1182 3459 tandem
1208 3415 1321 3457 non
1349 3398 1590 3456 servitus
1620 3404 1810 3455 nostra
1840 3395 1942 3455 sed
1971 3394 2135 3454 liber-

164 3494 253 3546 tas
281 3491 339 3542 et
360 3482 509 3543 salus
534 3493 592 3544 et
616 3486 886 3545 securitas
913 3484 1255 3547 fundabatur.
1309 3481 1428 3543 Sibi
1459 3480 1604 3541 enim
1629 3477 1867 3626 ngGoriam
1892 3476 2042 3537 illam
2065 3476 2139 3534 dii
