2467 3850
670 174 1192 239 EPISTULARUM
1232 176 1277 237 Ι.
1318 186 1368 240 3.
1399 185 1451 239 4.
1484 187 1534 240 5.
2058 180 2099 244 3

62 340 63 379 ῑ
134 329 341 408 quando
373 330 431 388 iu
462 337 656 388 nostra
686 328 1022 391 deverteris.
1098 329 1265 403 Quod
1290 328 1461 390 velim
1495 330 1702 408 facias,
1745 332 2011 409 primum,
2041 343 2101 394 ut

60 412 63 485 ,’
133 413 356 492 perinde
397 414 605 474 nostris
649 413 822 473 rebus
864 432 932 474 ac
961 432 1065 475 nos
1099 417 1209 476 tuis
1239 413 1543 494 perfruaris
1564 459 1581 491 ,
1623 413 1859 492 deinde,
1901 425 1960 475 ut
1988 417 2100 477 mei

134 498 592 575 expergiscantur
622 494 956 575 aliquando,
1001 501 1095 577 qui
1127 517 1215 558 me
1243 516 1447 561 secure
1479 516 1546 557 ac
1572 515 1753 578 prope
1787 499 2100 576 neglegen-

132 589 216 640 ter
256 590 576 659 expectant.
640 579 782 641 Nam
816 583 1026 641 mitium
1056 581 1400 642 dominorum
1421 580 1569 660 apud
1589 599 1790 643 servos
1819 584 1940 660 ipsa
1964 591 2149 644 con-4

85 671 115 723 5
133 664 421 725 suetudine
451 674 634 725 metus
676 664 986 743 exolescit,
1039 666 1377 727 novitatibus
1417 667 1728 735 excitantur
1766 666 2100 746 probarique

130 747 359 808 dominis
389 766 496 828 per
522 747 664 809 alios
691 751 872 826 magis
902 767 1066 829 quam
1099 767 1205 829 per
1233 751 1395 829 ipsos
1423 746 1694 809 laborant.
1762 747 1921 810 Vale.

1078 884 1147 944 V.

520 982 575 1035 c,
611 983 859 1035 murus
892 982 1172 1035 vocomo
1207 982 1475 1034 RoMANo
1508 951 1624 1034 suo
1655 981 1708 1033 S.

84 1100 115 1152 o
243 1086 514 1147 Vidistine
546 1105 876 1166 quemquam
895 1085 970 1146 M.
994 1086 1219 1166 Regulo
1247 1088 1578 1149 timidiorem
1599 1087 1949 1149 humiliorem
1969 1096 2100 1166 post
2117 1097 2146 1150 l

52 1178 53 1245 i
126 1170 419 1230 Domitiani
460 1169 737 1231 mortem?
780 1172 885 1231 sub
929 1189 1043 1250 quo
1085 1190 1197 1232 non
1237 1174 1450 1253 minora
1497 1171 1704 1248 flagitia
1750 1173 2104 1232 commiserat

52 1256 53 1275 ¹
128 1273 286 1334 quam
316 1255 422 1315 sub
454 1254 716 1333 Nerone,
750 1255 852 1315 sed
885 1258 1140 1316 tectiora.
1207 1254 1413 1335 Coepit
1442 1257 1629 1331 vereri
1653 1275 1729 1316 ne
1759 1256 1865 1316 sibi
1893 1257 2104 1315 irasce-

50 1370 51 1403 3
124 1357 245 1409 rer3
283 1358 392 1399 nec
422 1338 751 1416 fallebatur,
783 1340 1089 1400 irascebar.
1157 1340 1378 1401 Rustici
1407 1339 1641 1400 Aruleni
1670 1339 1984 1419 periculum
2013 1338 2147 1400 fo-2

126 1432 313 1500 verat,
347 1423 694 1484 exaltaverat
723 1433 901 1483 morte
921 1470 938 1501 ,
969 1425 1113 1484 adeo
1141 1434 1200 1484 ut
1233 1425 1434 1484 librum
1466 1426 1731 1483 recitaret
1763 1424 2130 1504 publicaret·'

61 1524 109 1574 15
128 1525 258 1586 que,
286 1509 343 1566 in
372 1525 485 1586 quo
513 1507 804 1567 Rusticum
832 1509 1138 1568 insectatur
1163 1517 1331 1587 atque
1363 1511 1528 1568 etiam
1555 1507 1872 1568 Stoicorum
1894 1509 2104 1568 simiam

124 1590 399 1670 appellat;
442 1590 609 1651 adicit
637 1590 933 1652 Vitelliana
963 1594 1227 1653 cicatrice
1258 1594 1604 1669 stigmosum.
1661 1590 1947 1669 Agnoscis
1984 1591 2153 1651 elo-3

122 1678 405 1754 quentiam
431 1675 658 1753 Reguli.
703 1674 936 1735 Lacerat
966 1675 1309 1736 Herennium
1337 1676 1733 1752 Senecionem,
1776 1685 1886 1735 tam
1906 1678 2102 1735 intem-

124 1769 388 1838 peranter
409 1759 634 1837 quidem
656 1768 715 1819 ut
739 1759 938 1820 dixerit
973 1762 1027 1819 ei
1061 1757 1268 1820 Metius
1298 1757 1473 1820 Carus
1506 1759 1663 1836 equid
1689 1758 1789 1818 tibi
1813 1777 1938 1818 cum
1960 1761 2102 1819 meis

122 1840 396 1903 mortuis?
454 1843 719 1922 numquid
759 1862 869 1921 ego
915 1841 1125 1904 Crasso
1153 1853 1246 1904 aut
1277 1840 1569 1902 Camerino
1604 1840 1880 1902 molestus
1912 1860 2033 1902 sum
2046 1839 2100 1901 ‘P

48 1945 268 2006 moquos
295 1927 392 1989 ille
422 1928 527 1989 sub
556 1927 784 1989 Nerone
815 1938 1199 1990 accusaverat.
1260 1926 1415 1987 Haec
1442 1945 1531 1985 me
1559 1925 1815 2002 Regulus
1844 1926 2153 1986 dolenter4

121 2012 322 2072 tulisse
361 2012 650 2090 credebat,
680 2012 927 2092 ideoque
958 2015 1124 2073 etiam
1157 2030 1285 2073 cum
1312 2013 1580 2071 recitaret
1611 2009 1832 2087 librum,
1862 2026 1975 2070 non
2007 2009 2101 2069 ad-

118 2096 396 2157 hibuerat.
449 2095 748 2157 Praeterea
774 2096 1239 2158 reminiscebatur
1268 2113 1431 2174 quam
1462 2094 1775 2173 capitaliter
1801 2096 1985 2173 ipsum
2007 2111 2101 2154 me

120 2180 269 2260 apud
311 2183 686 2242 centumviros
729 2181 1081 2242 lacessisset.
1147 2181 1393 2241 Aderam
1430 2178 1803 2255 Arrionillae,
1854 2178 2147 2237 Timonis5

118 2267 300 2341 uxori,
327 2274 525 2344 rogatu
553 2265 788 2326 Aruleni
818 2264 1063 2334 Rustici;
1106 2264 1361 2342 Regulus
1398 2273 1609 2324 contra.
1653 2261 1980 2324 Nitebamur
1999 2279 2105 2322 nos

48 2362 101 2415 25
119 2351 177 2407 in
207 2358 369 2426 parte
399 2367 601 2412 causae
630 2352 905 2410 sententia
933 2348 1069 2410 Meti
1099 2348 1374 2425 Modesti,
1407 2349 1599 2428 optimi
1630 2349 1767 2406 viri:
1806 2349 1853 2407 is
1885 2357 2018 2407 tunc
2048 2349 2104 2405 in

80 2432 292 2512 ,exilio
323 2442 465 2510 erat,
498 2452 529 2493 a
559 2432 874 2494 Domitiano
904 2432 1210 2511 relegatus.
1247 2432 1407 2492 Ecce
1436 2432 1537 2492 tibi
1558 2429 1814 2509 Regulus
1840 2435 2100 2509 ‘quaero'

118 2518 318 2594 inquit,
351 2516 663 2594 ‘Secunde,
709 2517 840 2596 quid
871 2517 942 2577 de
971 2515 1234 2578 Modesto
1270 2518 1524 2576 sentias'.
1569 2515 1744 2576 Vides
1775 2516 1928 2593 quod
1955 2515 2104 2593 peri-

117 2601 329 2678 culum,
369 2603 419 2661 si
446 2601 870 2682 respondissem
895 2602 1117 2679 ‘bene',
1147 2601 1301 2680 quod
1321 2599 1609 2677 flagitium,
1642 2602 1690 2658 si
1714 2599 1929 2660 ‘male'.
1975 2597 2104 2657 Non

114 2702 355 2763 possum
384 2685 575 2745 dicere
605 2685 754 2745 aliud
782 2696 915 2745 tunc
942 2685 1073 2745 mihi
1104 2704 1269 2764 quam
1304 2684 1443 2744 deos
1485 2683 1752 2744 adfuisse.
1820 2681 2105 2761 eRespon-

47 2767 291 2833 wdeho’
329 2770 550 2847 inquam
581 2772 654 2830 ‘si
694 2770 764 2830 de
806 2769 918 2829 boc
947 2770 1276 2830 centumviri
1314 2768 1605 2828 iudicaturi
1638 2772 1813 2830 sunt'.
1885 2765 2103 2826 Rursus

113 2851 215 2911 ille
252 2857 492 2931 ‘quaero
537 2854 669 2932 quid
714 2853 784 2913 de
815 2852 1076 2914 Modesto
1116 2855 1369 2914 sentias'.
1440 2850 1649 2912 Iterum
1674 2868 1787 2926 ego
1817 2849 2152 2915 ‘solebantfi

112 2944 300 2997 testes
332 2939 388 2995 in
415 2955 577 3015 reos,
621 2956 733 2997 non
766 2939 824 2997 in
851 2937 1134 2998 damnatos
1169 2938 1546 3013 interrogari'.
1614 2932 1805 2993 Tertio
1834 2934 1933 2994 ille
1964 2939 2101 2993 ‘non

113 3021 221 3079 iam
256 3020 395 3099 quid
425 3020 495 3081 de
537 3020 833 3099 Modesto,
880 3020 984 3081 sed
1026 3019 1157 3099 quid
1198 3021 1270 3080 de
1312 3022 1525 3100 pietate
1566 3016 1811 3080 Modesti
1843 3021 2098 3079 sentias'.

113 3102 409 3177 ‘Quaeris'
438 3108 660 3184 iuquam
690 3105 847 3184 ‘quid
868 3108 1130 3166 sentiam:
1173 3114 1229 3164 at
1256 3122 1369 3181 ego
1395 3122 1468 3165 ne
1499 3106 1847 3180 interrogare
1878 3101 2100 3181 quidem
2117 3111 2149 3164 7

47 3187 197 3250 l5fas
234 3198 377 3267 puto
408 3189 480 3249 de
520 3208 633 3268 quo
675 3191 1083 3269 pronuntiatum
1113 3194 1246 3249 est'.
1292 3185 1607 3247 Conticuit:
1639 3205 1729 3246 me
1752 3186 1873 3246 laus
1896 3196 1954 3246 et
1975 3205 2101 3263 gra·

108 3271 315 3336 tulatio
344 3283 544 3334 secuta
573 3283 682 3352 est,
715 3273 867 3352 quod
892 3292 1001 3334 nec
1024 3273 1219 3333 famam
1242 3289 1420 3331 meam
1437 3270 1624 3351 aliquo
1647 3288 1951 3349 responso,
1981 3270 2102 3330 utili

109 3356 366 3420 fortasse
385 3404 404 3435 ,
438 3357 740 3419 inhonesto
768 3366 983 3434 tamen,
1027 3358 1301 3419 laeseram
1328 3374 1436 3415 nec
1463 3374 1553 3415 me
1581 3355 1800 3432 laqueis
1834 3364 1943 3415 tam
1968 3355 2100 3415 insi-

109 3439 315 3504 diosae
341 3443 797 3523 interrogationis
824 3443 1186 3505 involveram.
1241 3439 1407 3502 Nunc
1436 3457 1579 3519 ergo
1617 3439 1964 3583 cotiscieutia
2001 3455 2097 3499 ex·
2115 3445 2151 3496 8
