2467 3850
722 205 1240 268 EPISTULARUM
1267 205 1341 267 11.
1386 216 1471 271 18.
1502 215 1590 271 19.
2056 206 2137 270 41

158 362 245 437 gis
274 357 504 419 laudem
533 375 698 438 quam
725 359 795 418 ad
828 377 1007 421 meam
1037 360 1377 437 pertineret,
1423 376 1491 420 ac
1520 357 1628 418 nisi
1667 372 1899 436 sperare
1928 365 1987 418 te
2016 358 2137 418 vel-

156 442 269 503 lem
300 461 482 522 posse
509 443 694 503 fratris
722 445 800 502 tui
831 442 976 503 filios
1002 443 1182 522 probe
1210 441 1453 504 discere.
1499 441 1664 515 Quod
1695 450 1978 521 superest,
2010 458 2189 511 cuma

88 526 91 537 “
158 544 356 587 omnes
381 529 478 605 qui
506 526 836 604 profitentur
855 525 1106 604 audiero,
1139 525 1274 604 quid
1297 525 1367 586 de
1390 542 1616 606 quoque
1640 530 1872 586 sentiam
1897 526 2136 585 scribam

154 610 549 689 efficiamque,
593 620 854 690 quantum
882 618 1065 670 tamen
1088 609 1328 688 epistula
1359 612 1629 689 consequi
1656 621 1890 689 potero,
1922 618 1980 669 ut
2011 611 2137 686 ipse

112 705 356 756 bomnes
382 693 608 753 audisse
642 692 903 753 videaris.
935 692 1138 753 Debeo
1168 695 1317 753 enim
1347 693 1467 770 tibi,
1503 694 1686 753 debeo
1707 694 2006 753 memoriae
2029 692 2189 760 fra-4

155 780 258 838 tris
296 779 381 838 tui
422 778 564 837 hanc
593 776 791 854 fldem,
829 777 943 837 hoc
981 778 1255 854 studium,
1296 780 1627 855 praesertim
1665 795 1840 856 super
1879 785 2026 836 tanta
2052 793 2132 839 re.

154 861 299 922 Nam
330 860 466 939 quid
501 863 679 937 magis
721 863 959 921 interest
995 871 1184 921 vestra
1228 878 1392 939 quam
1430 871 1490 922 ut
1530 860 1691 922 liberi
1723 861 2004 940 (dicerem
2036 861 2134 934 tui,

156 947 265 1005 nisi
298 962 448 1004 nunc
476 945 604 1006 illos
633 947 810 1022 magis
839 947 1084 1026 amares)
1120 944 1272 1022 digni
1311 945 1411 1004 illo
1438 953 1629 1024 patre,
1659 954 1715 1004 te
1745 955 1944 1025 patruo
1969 961 2136 1021 repe·

156 1026 410 1089 riantur?
445 1047 607 1128 quam
640 1046 828 1089 curam
853 1029 1017 1105 mihi,
1064 1029 1229 1088 etiam
1257 1030 1306 1088 si
1333 1047 1444 1090 non
1472 990 1828 1107 mandasses,
1861 1025 2137 1087 vindicas·

88 1117 304 1173 lesem.
344 1111 471 1172 Nec
500 1116 701 1189 ignoro
732 1111 1119 1190 suscipiendas
1148 1112 1438 1173 offensas
1421 1132 1476 1172 ιιι
1509 1112 1771 1190 eligendo
1801 1121 2135 1192 praecepto·
2157 1125 2190 1177 5

154 1214 241 1273 re,
275 1195 385 1256 sed
413 1205 644 1273 oportet
672 1214 763 1255 me
790 1212 905 1255 non
944 1195 1112 1256 modo
1139 1196 1387 1257 offensas
1416 1214 1609 1257 verum
1637 1199 1802 1256 etiam
1831 1194 2138 1255 simultates

159 1297 264 1358 pro
294 1279 482 1339 fratris
514 1281 594 1340 tui
622 1279 748 1340 liliis
777 1289 886 1340 tam
919 1296 1105 1360 aequo
1138 1282 1320 1340 animo
1350 1282 1540 1342 subire
1563 1298 1724 1359 quam
1748 1288 2010 1358 parentes
2034 1295 2139 1356 pro

46 1412 57 1426 .
158 1366 298 1424 suis.
354 1363 516 1423 Vale.
2130 1389 2137 1398 ·

1029 1497 1263 1560 XVIIII.

709 1597 764 1651 e.
802 1597 1047 1649 Pmes
1084 1596 1339 1647 cEmALI
1374 1596 1493 1648 suo
1529 1597 1584 1649 S.

285 1697 539 1758 Hortaris
591 1707 652 1758 ut
706 1702 1014 1759 orationem
1053 1700 1247 1758 amicis
1288 1697 1539 1776 pluribus
1579 1697 1831 1756 recitem.
1894 1696 2136 1773 Faciam,
2161 1709 2189 1759 l

161 1783 292 1860 quia
317 1783 577 1857 hortaris,
609 1785 858 1861 quamvis
886 1782 1252 1842 vehementer
1278 1779 1614 1840 addubitem.
1657 1779 1857 1858 Neque
1887 1784 2031 1840 enim
2050 1800 2139 1840 me
2158 1790 2193 1841 2

163 1867 439 1945 praeterit
461 1868 713 1927 actiones
747 1884 891 1945 quae
921 1850 1227 1927 recitantur
1252 1866 1516 1943 impetum
1539 1879 1758 1922 omnem
1782 1863 2141 1942 caloremque

87 1953 231 2010 20ac
267 1966 454 2028 prope
490 1968 695 2010 nomen
728 1969 886 2010 suum
915 1949 1190 2029 perdere,
1232 1958 1293 2007 ut
1324 1967 1461 2030 quas
1492 1948 1708 2010 soleant
1752 1948 2143 2006 commendare

160 2033 326 2093 simul
350 2043 408 2093 et
430 2033 744 2094 accendere
771 2035 1015 2095 iudicum
1037 2050 1365 2109 consessus,
1399 2031 1698 2093 celebritas
1721 2030 2138 2108 advocatorum,

160 2119 489 2195 expectatio
507 2128 768 2195 eventus,
786 2118 930 2178 fama
951 2135 1065 2177 non
1084 2119 1244 2178 unius
1265 2118 1492 2194 actoriS,
1523 2114 1915 2192 diductumque
1938 2117 1994 2173 in
2015 2132 2142 2193 par·

154 2211 250 2261 ,tes
289 2199 627 2260 audientium
654 2201 915 2277 studium,
949 2201 1019 2261 ad
1045 2200 1158 2261 hoc
1186 2200 1426 2261 dicentis
1454 2209 1675 2276 gestus,
1705 2200 1963 2258 incessus
1980 2245 1997 2276 ,
2029 2198 2140 2260 dis·

162 2302 365 2343 cursus
404 2286 601 2361 etiam,
646 2286 1016 2364 omnibusque
1053 2286 1296 2345 motibus
1330 2287 1491 2344 animi
1536 2291 1944 2344 consentaneus
1976 2285 2144 2360 vigor

87 2370 447 2446 25corporis.
511 2368 672 2428 Unde
701 2369 907 2429 accidit
932 2379 993 2429 ut
1023 2370 1062 2428 ii
1093 2371 1186 2447 qui
1220 2368 1485 2429 sedentes
1518 2376 1719 2445 agunt,
1753 2367 2001 2445 quamvis
2030 2366 2194 2431 illis3

160 2453 398 2511 maxima
429 2470 504 2512 ex
544 2461 703 2529 parte
743 2455 1028 2531 supersint
1065 2452 1264 2512 eadem
1292 2452 1389 2511 illa
1428 2468 1572 2529 quae
1613 2451 1915 2527 stantibus,
1959 2460 2140 2511 tamen

143 2536 275 2596 ‚hoc
304 2534 459 2613 quod
486 2535 689 2596 sedent
730 2538 888 2613 quasi
930 2535 1290 2596 debilitentur
1331 2545 1390 2596 et
1421 2536 1816 2613 deprimantur.
1878 2533 2192 2595 Recitan·4

161 2621 299 2678 tium
330 2636 472 2677 vero
499 2622 807 2697 praecipua
850 2622 1313 2698 pronuntiationis
1340 2619 1685 2696 adiumenta,
1735 2617 1885 2678 oculi
1926 2636 2141 2693 manus,

160 2701 629 2781 praepediuntur;
680 2721 792 2782 quo
822 2705 1000 2764 minus
1028 2706 1223 2763 mirum
1252 2713 1361 2780 est,
1385 2705 1432 2762 si
1460 2701 1766 2762 auditorum
1794 2703 2024 2760 intentio
2053 2718 2143 2759 re·

87 2785 503 2862 wlanguesciss
532 2786 699 2844 nullis
733 2788 1085 2847 extrinsecus
1112 2796 1204 2846 aut
1228 2785 1620 2846 blandimentis·
1637 2794 1798 2862 capta
1820 2793 1912 2843 aut
1934 2783 2145 2844 aculeis

163 2872 430 2930 excitata.
493 2867 734 2930 Accedit
773 2871 861 2929 his
911 2869 1061 2948 quod
1107 2872 1284 2929 oratio
1326 2869 1396 2929 de
1438 2887 1546 2947 qua
1588 2869 1793 2946 loquor
1824 2885 2049 2946 pugnax
2089 2877 2196 2932 et5

164 2954 521 3027 contentiosa
563 2961 670 3012 est.
737 2953 911 3012 Porro
954 2955 1028 3013 ita
1070 2962 1260 3013 natura
1292 2961 1669 3030 comparatum
1696 2961 1784 3011 est
1812 2960 1871 3010 ut
1902 2969 1970 3011 ea
2003 2969 2148 3030 quae

167 3037 498 3114 scripsimus
542 3054 669 3096 cum
709 3035 904 3096 labore
940 3039 1104 3097 etiam
1139 3054 1266 3095 cum
1298 3035 1493 3096 labore
1528 3035 1699 3093 audiri
1731 3045 2011 3112 putemus.
2076 3033 2200 3097 Ει6

168 3137 302 3179 sane
315 3129 525 3198 quotus
538 3121 777 3200 quisque
805 3130 916 3180 tam
941 3128 1131 3180 rectus
1164 3119 1403 3196 auditor,
1427 3136 1592 3197 quem
1620 3136 1731 3177 non
1752 3121 1938 3195 potius
1969 3118 2151 3178 dulcia

90 3208 153 3263 35
169 3201 312 3263 haec
341 3212 401 3263 et
427 3206 680 3263 sonantia
703 3222 866 3281 quam
892 3212 1114 3265 austera
1136 3212 1193 3263 et
1212 3219 1414 3281 pressa
1436 3199 1760 3263 delectent?
1801 3201 1905 3262 Est
1927 3202 2150 3280 quidem

170 3289 390 3347 omnino
419 3288 601 3364 turpis
629 3289 735 3347 ista
764 3286 1064 3363 discordia,
1095 3296 1182 3346 est
1209 3297 1394 3346 tamen
1418 3303 1561 3365 quae
1586 3285 1914 3363 plerumque
1939 3288 2147 3361 evenit,

168 3381 225 3430 ut
252 3370 401 3431 aliud
431 3369 716 3431 auditores
745 3371 894 3430 aliud
926 3370 1143 3431 iudices
1173 3373 1434 3447 exigant,
1473 3387 1598 3429 cum
1635 3369 1843 3447 alioqui
1871 3369 1957 3428 his
1988 3386 2149 3445 prae-

106 3487 113 3494 ·
171 3456 337 3535 cipue
365 3454 586 3514 auditor
607 3453 769 3514 adfici
794 3454 998 3513 debeat
1021 3455 1220 3532 quibus
1251 3454 1419 3531 idem,
1460 3455 1507 3513 si
1530 3453 1679 3514 foret
1699 3452 1885 3528 iudex,
1917 3453 2148 3510 maxime
2215 3452 2226 3458 “

88 1542 144 1593 15
