2467 3850
332 161 453 223 160
1174 159 1239 219 C.
1281 158 1471 218 PLINI

331 311 564 388 dedisti,
605 327 675 370 eo
707 311 939 371 liberius
969 312 1122 390 quod
1158 311 1293 371 nihil
1335 330 1411 371 ex
1449 313 1591 372 meis
1631 312 1849 370 interim
1887 311 2162 370 missurus
2197 329 2319 370 sum

329 397 429 455 tibi
459 398 513 454 in
544 413 654 472 quo
686 404 746 455 te
773 394 1086 457 ulciscaris.
1148 395 1314 458 Vale.

1236 522 1389 587 vm.
1531 486 1614 581 7¹
2454 557 2461 613 ἰ

877 627 933 680 C.
969 626 1217 678 PLINIUS
1253 626 1520 677 ROMANO
1556 625 1674 677 SUO
1714 624 1765 675 S.
2333 655 2367 704 5

291 743 319 793 1
455 729 730 789 Vidistine
751 728 1047 808 aliquando
1071 727 1406 789 Clitumnum
1428 725 1679 789 sontem?
1719 728 1777 787 Si
1799 728 2041 787 nondum
2064 730 2156 805 (et
2180 737 2317 806 puto

332 813 601 882 nondum;
630 813 838 890 alioqui
865 832 1153 874 narrasses
1187 813 1373 891 mihi),
1400 812 1552 889 vide,
1585 830 1751 890 quem
1774 829 1885 888 ego
1906 813 2188 890 (paenitet
2208 821 2316 870 tar·

288 897 553 974 2ditatis)
596 899 847 976 proxime
891 897 1021 957 vidi.
1101 895 1360 956 Modicus
1409 895 1573 955 collis
1617 896 1899 972 adsurgit,
1954 897 2179 971 antiqua
2221 912 2315 954 cu-

336 998 542 1060 presso
570 998 901 1041 nemorosus
935 990 993 1040 et
1024 997 1259 1056 opacus.
1317 978 1477 1039 Hunc
1508 979 1705 1039 subter
1732 981 1846 1037 exit
1876 979 2003 1040 fons
2038 988 2095 1038 et
2127 980 2315 1054 expri—

336 1066 497 1123 mitur
538 1064 792 1142 pluribus
832 1066 993 1124 venis
1027 1064 1130 1124 sed
1165 1064 1485 1141 inparibus,
1538 1062 1930 1140 eluctatusque
1971 1079 2139 1140 quem
2182 1061 2315 1121 facit
2334 1075 2399 1125 10

333 1149 614 1224 gurgitem
645 1146 759 1207 lato
801 1149 1016 1223 gremio
1055 1148 1297 1224 patescit
1326 1165 1498 1225 purus
1542 1156 1601 1206 et
1638 1147 1885 1222 vitreus,
1928 1155 1987 1204 ut
2022 1163 2314 1204 numerare

291 1233 509 1293 3iactas
543 1233 721 1308 stipes
753 1240 810 1290 et
837 1231 1143 1290 relucentis
1175 1229 1427 1290 calculos
1457 1231 1666 1307 possis.
1708 1229 1844 1291 Inde
1873 1246 1983 1288 non
2003 1227 2121 1287 loci
2143 1228 2314 1288 deve-

336 1316 509 1374 xitate
541 1314 643 1374 sed
677 1316 799 1392 ipsa
828 1318 913 1374 sui
949 1316 1112 1393 copia
1141 1324 1199 1372 et
1229 1315 1387 1391 quasi
1416 1313 1669 1392 pondere
1698 1311 1999 1391 inpellitur.
2045 1311 2198 1372 Fons
2221 1312 2313 1370 ad-

335 1398 446 1457 huc
485 1407 543 1457 et
582 1400 687 1457 iam
719 1398 1120 1477 amplissimum
1153 1397 1360 1456 flumen
1399 1395 1586 1475 adque
1617 1398 1785 1456 etiam
1815 1397 2035 1454 navium
2065 1397 2311 1474 patiens,

338 1498 475 1558 quas
518 1481 711 1541 obvias
752 1499 978 1559 quoque
1030 1490 1089 1540 et
1142 1482 1419 1540 contrario
1470 1483 1595 1540 nisu
1641 1481 1697 1539 in
1746 1480 1967 1540 diversa
2013 1479 2315 1540 tendentes
2334 1486 2395 1535 15

338 1566 652 1624 transmittit
682 1575 739 1624 et
768 1566 1013 1643 perfert,
1067 1564 1210 1624 adeo
1239 1563 1466 1624 validus
1482 1573 1543 1623 ut
1573 1560 1668 1623 ilra
1707 1581 1815 1641 qua
1851 1572 2119 1642 properat
2163 1565 2314 1641 ipse,

338 1665 664 1726 quamquam
685 1666 789 1727 per
809 1649 991 1709 solum
1014 1647 1256 1726 planum,
1285 1650 1455 1708 remis
1478 1665 1588 1706 non
1610 1648 1919 1723 adiuvetur,
1945 1647 2092 1706 idem
2114 1665 2315 1724 aeger·

286 1734 472 1796 4rime
502 1734 670 1792 remis
701 1735 993 1810 contisque
1025 1743 1326 1811 superetur
1352 1731 1641 1793 adversus
1685 1731 1990 1791 Iucundum
2018 1740 2315 1808 utrumque

337 1833 443 1894 per
476 1818 662 1875 iocum
691 1815 989 1894 ludumque
1019 1816 1380 1891 fluitantibus,
1416 1824 1475 1873 ut
1497 1815 1753 1875 flexerint
1784 1832 2030 1890 cursum,
2061 1813 2315 1882 laborem

339 1901 476 1975 oti0,
510 1901 679 1961 otium
709 1900 902 1961 labore
932 1902 1165 1960 variare.
1217 1898 1398 1980 Ripae
1428 1899 1643 1960 fraxino
1675 1898 1866 1975 multa,
1897 1898 2067 1958 multa
2096 1897 2398 1978 populo20

339 1987 671 2060 vestiuntur,
705 2003 842 2061 quas
874 1987 1210 2064 perspicuus
1242 1985 1414 2044 amnis
1444 1994 1503 2043 ut
1530 2001 1742 2043 mersas
1769 1982 1929 2042 viridi
1951 1985 2190 2059 imagine
2219 1982 2313 2042 ad·

336 2077 606 2127 numerat.
671 2067 849 2144 Rigor
901 2086 1078 2147 aquae
1136 2070 1435 2128 certaverit
1475 2068 1729 2142 nivibus,
1777 2085 1886 2126 nec
1930 2066 2094 2126 color
2140 2067 2310 2128 cedit.

285 2150 868 2229 5Adiacet·templum
906 2154 1151 2230 priscum
1191 2161 1249 2211 et
1288 2151 1645 2227 religiosum:
1695 2160 1802 2210 stat
1844 2148 2154 2210 Clitumnus
2185 2153 2313 2229 ipse

337 2235 569 2292 amictus
611 2243 951 2311 ornatusque
989 2244 1313 2313 praetexta:
1369 2252 1643 2311 praesens
1684 2251 1886 2293 numen
1926 2234 2110 2313 adque
2144 2237 2312 2293 etiam

335 2314 617 2375 fatidicum
656 2316 898 2376 indicant
940 2327 1144 2377 sortes.
1203 2318 1410 2395 Sparsa
1445 2328 1570 2378 sunt
1601 2320 1750 2380 circa
1783 2317 1994 2378 sacella
2023 2318 2314 2395 complura
2330 2331 2395 2382 25

333 2396 679 2476 totidemque
711 2399 803 2459 dii.
869 2401 979 2459 Sua
1014 2403 1217 2478 cuique
1242 2403 1563 2478 veneratio,
1615 2419 1774 2461 suum
1802 2418 2036 2477 nomen,
2083 2402 2313 2479 quibus-

336 2481 459 2540 dam
487 2500 623 2541 vero
658 2485 822 2542 etiam
850 2483 1053 2544 fontes.
1110 2483 1248 2543 Nam
1272 2493 1498 2563 praeter
1522 2485 1676 2543 illum
1705 2487 1863 2562 quasi
1889 2494 2181 2563 parentem
2218 2504 2314 2544 ce·

334 2575 583 2625 terorum
625 2577 753 2627 sunt
794 2570 1037 2627 minores
1080 2570 1264 2647 capite
1294 2567 1549 2636 discreti;
1600 2569 1704 2628 sed
1745 2568 1951 2628 flumini
1982 2570 2310 2644 miscentur,

286 2660 320 2712 6
339 2649 490 2727 quod
516 2659 689 2728 ponte
717 2655 1110 2712 transmittitur.
1170 2651 1224 2710 Is
1255 2654 1522 2713 terminus
1556 2654 1700 2712 sacri
1727 2652 2076 2731 profanique.
2130 2649 2193 2712 In
2222 2672 2314 2712 su·

335 2736 561 2812 periore
590 2746 750 2813 parte
784 2738 1046 2812 navigare
1074 2745 1311 2811 tantum,
1353 2735 1492 2794 infra
1533 2738 1698 2796 etiam
1725 2744 1917 2795 natare
1950 2752 2307 2795 concessum.
2329 2750 2396 2803 30

335 2818 623 2879 Balineum
652 2818 1019 2898 Hispellates,
1046 2821 1247 2897 quibus
1275 2819 1430 2878 illum
1456 2817 1645 2879 locum
1666 2818 1825 2879 divus
1846 2820 2136 2896 Augustus
2160 2818 2309 2878 dono

335 2900 508 2978 dedit,
542 2902 770 2981 publice
802 2905 1105 2982 praebent,
1153 2903 1419 2978 praebent
1458 2901 1778 2981 hospitium.
1820 2902 1945 2963 Nec
1979 2903 2181 2962 desunt
2209 2902 2313 2961 vil-

284 2983 456 3060 7lae,
503 3004 647 3063 quae
687 2997 916 3047 secutae
958 2987 1193 3048 fluminis
1237 2987 1629 3045 amoenitatem
1657 2989 1886 3063 margini
1915 2988 2190 3046 insistunt.
2249 2985 2315 3044 ln

335 3085 578 3145 summa,
621 3069 756 3128 nihil
789 3073 893 3130 erit
933 3089 1007 3130 ex
1035 3088 1146 3148 quo
1185 3086 1297 3128 non
1328 3071 1517 3147 capias
1547 3068 1910 3148 voluptatem.
1950 3068 2089 3128 Nam
2121 3069 2314 3129 stude·

334 3150 422 3209 bis
451 3168 706 3229 quoque;
737 3151 900 3229 leges
930 3153 1096 3212 multa
1124 3152 1419 3212 multorum
1448 3153 1700 3213 omnibus
1726 3153 2019 3229 columnis,
2056 3154 2313 3212 omuibus
2329 3162 2394 3216 35
2459 3199 2460 3250 1

335 3233 640 3310 parietibus
669 3236 955 3314 inscripta,
990 3237 1190 3313 quibus
1220 3236 1348 3295 fons
1371 3234 1467 3294 ille
1491 3235 1744 3314 deusque
1768 3235 2104 3297 celebratur.
2147 3235 2314 3296 Plura

335 3315 605 3392 laudabis,
639 3319 902 3377 nonnulla
934 3318 1172 3385 ridebis;
1202 3336 1533 3396 quamquam
1553 3329 1613 3380 tu
1639 3337 1800 3398 vero,
1833 3337 1976 3398 quae
2000 3330 2092 3379 tua
2122 3321 2313 3381 huma·
2459 3349 2460 3402 χ

262 3407 266 3411 Α
333 3401 508 3478 nitas,
538 3400 688 3459 nulla
719 3401 947 3460 ridebis·
992 3401 1154 3461 Vale.
