2467 3850
256 152 418 247 '200
833 181 901 242 c,
945 179 1138 242 rum
1176 179 1276 240 Er
1319 177 1629 240 τιιΑιΑΝι
2139 184 2146 195 ’
2461 0 2467 229 ἱ

293 346 411 396 tum
450 334 941 397 commendationis
980 350 1343 394 accessurum
1381 333 1547 392 etiam
1588 349 1663 390 ex
1700 332 1843 391 meis
1881 329 2154 410 precibus
2185 330 2267 389 in-

244 433 277 487 6
296 419 616 497 dulgentiae
645 430 774 480 tuae
803 418 997 480 eredo.
1042 417 1208 495 Rogo
1233 432 1397 493 ergo,
1429 415 1674 491 domine,
1702 425 1765 474 ut
1786 432 1877 474 me
1908 415 2266 492 exoptatissi-

294 521 419 563 mae
446 503 577 562 mihi
605 502 989 581 gratulationis
1030 510 1335 580 conpotem
1374 500 1550 560 facias
1580 509 1637 560 et
1661 498 1954 576 honestis,
1984 506 2044 557 ut
2070 514 2267 576 spero,

294 586 611 648 adfectibus
652 589 797 647 meis
834 594 1093 665 praestes
1142 593 1202 644 ut
1240 599 1354 643 non
1405 585 1463 642 in
1501 601 1591 644 me
1636 592 1843 643 tantum
1879 599 2074 642 verum
2113 591 2173 642 et
2213 583 2270 639 in

294 673 472 731 amico
499 670 730 749 gloriari
756 669 974 731 iudiciis
1003 671 1112 730 tuis
1140 669 1377 748 possim.
2284 675 2318 728 5

740 902 796 953 G.
832 899 1077 952 PLINIUS
1111 800 1445 950 ΤΥὶΑΙΙιξΙῙξΞΙΙ
1453 896 1839 950 MPERATORI.

247 1024 275 1074 l
412 1006 671 1066 Proximo
700 1022 867 1082 anno,-
899 1004 1140 1079 domine,
1174 1004 1503 1079 gravissima
1527 1002 1829 1063 valitudine
1860 1020 2042 1082 usque
2071 1001 2140 1062 ad
2168 1019 2270 1080 pe-

296 1090 529 1152 riculum
555 1093 705 1150 vitae
736 1097 992 1165 vexatus,
1020 1086 1336 1165 iatralipten
1364 1088 1676 1166 adsumpsi;
1720 1089 1879 1146 cuins
1908 1085 2271 1147 sollicitudini
2288 1099 2355 1151 lo
2465 1072 2466 1155 l

298 1185 357 1236 et
400 1175 582 1235 studio
615 1184 744 1233 tuae
786 1181 993 1232 tantum
1039 1169 1418 1248 indulgentiae
1459 1171 1740 1231 beneficio
1780 1170 1999 1230 referre
2037 1171 2272 1247 gratiam

249 1273 491 1338 2parem
530 1273 783 1337 possum.
839 1256 1026 1328 Quare
1065 1270 1209 1332 rogo
1249 1254 1353 1314 des
1393 1257 1445 1314 ei
1478 1257 1755 1315 civitatem
1782 1254 2100 1315 Romanam.
2163 1252 2273 1313 Est

299 1344 448 1401 enim
474 1342 809 1419 peregrinae
842 1339 1210 1414 conditionis,
1242 1341 1613 1399 manumissus
1644 1357 1676 1398 a
1707 1340 2024 1417 peregrina.
2086 1336 2270 1398 Voca-

298 1437 389 1486 tur
438 1426 564 1502 ipse
615 1423 964 1501 Harpocras,
1014 1432 1302 1501 patronam
1351 1423 1540 1483 habuit
1592 1420 1950 1482 Thermuthin
1998 1419 2265 1497 Theonis,

298 1525 440 1585 quae
481 1509 586 1566 iam
627 1506 843 1586 pridem
874 1504 1133 1566 defuncta
1167 1514 1274 1565 est.
1335 1505 1475 1565 Item
1512 1523 1658 1583 rogo
1697 1505 1799 1566 des
1841 1507 1930 1566 ius
1972 1502 2352 1577 Quiritium15

298 1590 513 1651 libertis
543 1591 820 1650 Antoniae
846 1587 1215 1665 Maximillae,
1247 1591 1630 1650 ornatissimae
1658 1588 1929 1666 feminae,
1970 1587 2184 1649 Hediae
2212 1597 2272 1648 et
2465 1586 2466 1589 ’

296 1675 572 1737 Antoniae
601 1674 941 1743 Harmerid13
968 1673 1121 1752 quod
1147 1691 1180 1732 a
1204 1681 1264 1732 te
1295 1681 1525 1752 petente
1557 1682 1788 1752 patrona
1813 1682 1967 1753 peto.
2463 1644 2466 1783 1

1093 1806 1188 1866 vl.
1233 1807 1459 1887 [xm]
2465 1830 2466 1837 κ

729 1905 784 1958 C.
818 1905 1064 1958 PLINIUS
1099 1904 1388 1958 TRAIANO
1416 1904 1825 1972 IMPERATORI.
2285 1934 2359 1987 20
2465 1941 2466 1946 ,

252 2023 283 2074 1
419 2008 551 2084 Ago
580 2008 806 2083 gratias,
842 2005 1094 2084 domine,
1127 2007 1278 2084 qnod
1303 2017 1361 2068 et
1390 2007 1477 2066 ius
1508 2004 1799 2078 Quiritium
1826 2003 2043 2065 libertis
2070 2021 2269 2063 neces·

299 2093 476 2153 sariae
518 2091 646 2149 mihi
689 2090 926 2150 feminae
972 2100 1029 2150 et
1060 2093 1343 2152 civitatem
1370 2089 1670 2150 Romanam
1698 2089 2029 2167 Harpocrati
2046 2132 2064 2165 ,
2108 2089 2270 2146 iatra-

296 2176 469 2254 liptae
502 2191 661 2250 meo,
704 2176 825 2233 sine
856 2191 1010 2233 mora
1038 2173 1339 2236 indulsisti.
1394 2174 1511 2234 Sed
1538 2191 1663 2232 eum
1693 2189 1866 2233 annos
1896 2175 2020 2232 eius
2050 2180 2108 2231 et
2133 2189 2269 2231 cen·

297 2277 439 2334 sum,
472 2259 618 2317 sicut
640 2274 1042 2336 praeceperas,
1080 2258 1330 2335 ederem,
1360 2257 1671 2318 admonitus
1701 2273 1821 2316 sum
1848 2274 1880 2316 a
1909 2256 2270 2334 peritioribus

298 2341 565 2401 debuisse
597 2358 686 2400 me
716 2349 843 2399 ante
870 2343 923 2400 ei
948 2342 1379 2403 Alexandrinam
1407 2343 1691 2402 civitatem
1718 2344 1997 2419 inpetrare
2016 2385 2032 2415 ,
2064 2337 2266 2398 deinde
2286 2348 2354 2401 25

247 2424 637 2501 2Romanam,
673 2426 929 2502 quoniam
963 2437 1120 2488 esset
1147 2428 1485 2504 Aegyptius
1549 2425 1677 2502 Ego
1707 2434 1924 2501 autem,
1965 2425 2092 2501 quia
2127 2424 2273 2483 inter

298 2510 619 2587 Aegyptios
673 2518 1012 2587 ceterosque
1059 2513 1395 2590 peregrinos
1436 2509 1571 2569 nihil
1620 2512 1897 2568 interesse
1949 2507 2269 2583 credebam,

297 2602 594 2656 contentus
637 2593 849 2653 fueram
891 2593 1002 2653 hoc
1042 2593 1223 2655 solum
1254 2595 1508 2658 scribere
1538 2594 1659 2669 tibi,
1692 2609 1819 2653 eum
1848 2590 2073 2652 scilicet
2105 2609 2137 2650 a
2170 2608 2269 2668 pe-

293 2682 517 2757 regrina
545 2680 933 2739 manumissum
963 2687 1363 2757 patronamque
1398 2680 1523 2739 eius
1553 2680 1661 2737 iam
1684 2676 1900 2755 pridem
1924 2674 2268 2735 decessisse.
2465 2739 2466 2752 χ

290 2762 380 2824 De
411 2782 518 2843 qua
555 2763 865 2840 ignorantia
892 2780 1014 2822 mea
1046 2779 1160 2822 non
1188 2780 1418 2841 queror,
1448 2780 1554 2841 per
1583 2779 1746 2840 quam
1773 2761 1931 2822 stetit
1960 2768 2020 2818 ut
2042 2759 2143 2820 tibi
2167 2765 2355 2835 ιιι-030
2465 2761 2466 2770 ’

294 2847 496 2907 eodem
537 2849 761 2909 homine
801 2849 1029 2924 saepius
1071 2847 1376 2924 obligarer.
1438 2845 1605 2922 Rogo
1635 2847 1858 2925 itaque,
1899 2853 1960 2904 ut
1991 2842 2271 2903 beneficio

292 2940 391 2989 tuo
419 2932 670 3007 legitime
705 2931 812 2990 frui
842 2933 1085 3008 possim,
1118 2931 1328 2990 tribuas
1360 2932 1415 2989 ei
1444 2938 1503 2989 et
1531 2929 1958 2991 Alexandrinam
1991 2928 2275 2987 civitatem

296 3022 354 3071 et
379 3012 695 3073 Romanam.
736 3014 929 3074 Annos
959 3016 1082 3075 eius
1113 3024 1173 3074 et
1200 3032 1455 3090 censum,
1487 3032 1560 3073 ne
1592 3014 1723 3091 quid
1753 3030 1944 3073 rursus
1978 3009 2272 3087 indulgen·

300 3096 430 3161 tiam
462 3106 609 3157 tuam
635 3108 963 3177 moraretur,
995 3098 1216 3161 libertis
1248 3100 1359 3159 tuis
1395 3099 1598 3177 quibus
1633 3099 1879 3160 iusseras
1911 3096 2053 3154 misi.

1076 3232 1202 3293 vn.
1239 3230 1488 3310 [xxm]

950 3330 1277 3382 TRAIANUS
1312 3329 1518 3383 PLINIO
1558 3328 1613 3384 S.

415 3421 710 3484 Civitatem
735 3425 1163 3489 Alexandrinam
1191 3429 1498 3491 secundum
1528 3431 1928 3493 institutionem
1957 3426 2271 3508 principum

2231 3184 2364 3250 „35⁴
