2467 3850
257 141 379 206 172
1048 140 1151 223 c.
1196 140 1390 202 rum

253 303 314 354 ut
353 294 533 354 omnia
572 294 897 369 emendem,
948 292 1103 372 quod
1135 294 1468 371 contingere
1503 309 1614 353 non
1648 302 1838 371 potest
1869 291 2056 355 electa
2095 295 2251 353 reci-

206 388 237 439 5
255 377 518 439 tantibus.
555 377 645 437 Ad
673 376 811 436 illud
844 376 1154 437 modestius
1183 386 1242 438 et
1270 378 1516 437 fortasse
1546 378 1917 437 reverentius.
1980 375 2096 434 Sed
2128 376 2251 437 hoc

256 459 566 539 simplicius
609 471 666 521 et
706 463 994 521 amantius.
1052 460 1214 520 Amat
1258 463 1407 523 enim
1446 462 1543 538 qui
1575 479 1638 520 se
1670 462 1755 521 sic
1786 460 1951 520 amari
1980 469 2138 538 putat
2182 471 2249 521 ut

255 543 499 604 taedium
527 562 640 604 nou
662 545 1053 621 pertimescat:
1096 554 1154 619 et
1183 543 1392 622 alioqui
1420 543 1553 622 quid
1583 550 1869 622 praestant
1898 542 2110 605 sodalis
2127 588 2146 620 ,
2193 546 2246 605 si

257 629 595 687 conveniunt
604 626 932 725 ’voluptatis
971 646 1106 688 suae
1142 624 1352 688 causa?
1392 626 1681 689 Delicatus
1712 644 1779 685 ac
1813 625 2008 686 similis
2042 626 2246 704 ignoto
2266 638 2304 690 5

204 720 240 774 6
258 719 348 770 est
382 711 476 790 qui
512 711 676 771 amici
708 710 910 770 librum
949 710 1157 770 bonum
1193 709 1401 771 mavult
1426 710 1618 769 audire
1647 727 1810 787 quam
1812 701 2050 769 facere.
2113 709 2249 770 Non

254 793 447 854 dubito
477 812 689 873 cupere
725 804 783 855 te
813 811 916 872 pro
947 804 1140 855 cetera
1165 794 1275 854 mei
1307 795 1539 854 caritate
1568 811 1730 872 quam
1757 794 2129 854 maturissime
2157 795 2246 855 le-

252 894 393 954 gere
433 876 582 937 hunc
625 878 806 937 adbuc
848 887 1124 938 musteum
1157 876 1377 937 librum.
1444 876 1667 954 Leges,
1718 872 1823 937 sed
1848 885 2243 951 retractatum;

254 979 398 1037 quae
432 978 598 1021 causa
625 960 897 1022 recitandi
927 961 1060 1027 fuit:
1096 970 1154 1020 et
1183 970 1370 1021 tamen
1400 978 1514 1021 nou
1547 922 1744 1019 nulla’
1726 978 1834 1019 lam
1863 978 1936 1020 ex
1967 978 2040 1020 eo
2069 964 2244 1025 nosti.

251 1043 410 1103 Haec
428 1044 717 1105 emendata
743 1054 946 1123 postea
967 1043 1084 1120 vel,
1116 1043 1267 1122 quod
1297 1044 1573 1103 interdum
1598 1043 1857 1120 longiore
1886 1062 2039 1104 mora
2062 1043 2240 1123 solet,
2265 1063 2334 1115 lo

253 1126 532 1188 deteriora
560 1128 706 1187 facta
738 1130 894 1206 quasi
924 1145 1068 1188 nova
1098 1146 1292 1188 rursus
1316 1136 1374 1187 et
1406 1127 1683 1205 rescripta
1713 1144 2053 1203 cognosces.
2097 1127 2243 1188 Nam

255 1208 542 1291 plerisque
566 1212 786 1273 mutatis
811 1230 880 1273 ea
905 1226 1131 1291 quoque
1148 1220 1353 1271 mutata
1370 1210 1627 1277 videntur
1646 1226 1788 1290 quae
1807 1221 2047 1272 manent.
2073 1211 2239 1274 Vale.

518 1498 527 1501 ,
814 1439 868 1494 c,
907 1439 1155 1491 erqu
1193 1439 1434 1491 omnmo
1468 1439 1588 1509 suo
1622 1438 1673 1491 S.
2260 1472 2327 1524 15

203 1556 235 1605 1
376 1541 612 1602 Nostine
644 1541 752 1601 hos
794 1544 888 1620 qui
919 1544 1159 1605 omnium
1190 1542 1478 1604 libidinum
1517 1543 1668 1602 servi
1710 1542 1795 1602 sic
1824 1541 2058 1601 aliorum
2084 1543 2242 1605 vitiis

256 1628 568 1686 irascuntur
607 1627 764 1703 quasi
791 1625 1070 1688 invideant
1110 1636 1166 1686 et
1205 1627 1537 1705 gravissime
1568 1628 1797 1703 puniunt
1829 1643 1971 1703 quos
2000 1629 2240 1687 maxime

256 1706 570 1770 imitantur?
608 1727 733 1771 cum
766 1727 868 1769 eos
899 1712 1062 1770 etiam
1091 1712 1185 1789 qui
1213 1727 1324 1769 non
1355 1709 1606 1788 indigent
1634 1709 1930 1769 clementia
1958 1709 2126 1770 ullius
2155 1712 2239 1771 ni-

204 1793 334 1858 2hil
361 1795 536 1871 magis
566 1811 726 1872 quam
756 1792 955 1854 lenitas
990 1792 1208 1854 deceat.
1271 1794 1459 1873 Atque
1502 1811 1614 1870 ego
1656 1794 1921 1871 optimum
1960 1803 2018 1853 et
2047 1812 2239 1854 emen·

258 1877 600 1940 (latissimum
630 1879 888 1938 existimo
922 1879 1016 1957 qui
1053 1878 1263 1939 ceteris
1290 1880 1374 1939 ita*
1399 1876 1643 1955 ignoscit
1670 1887 1945 1956 tamquam
1982 1879 2108 1955 ipse
2141 1893 2327 1946 co-20

253 1962 387 2023 tidie
424 1971 666 2041 peccet,
709 1959 784 2021 ita
827 1964 1078 2040 peccatis
1115 1957 1357 2023 abstinet
1397 1971 1671 2040 tamquam
1712 1961 1916 2021 nemini
1956 1962 2237 2038 ignoscat.

201 2057 236 2110 3
256 2046 495 2106 Proinde
522 2045 634 2104 hoc
662 2045 844 2121 domi,
875 2045 985 2105 hoc
1011 2046 1149 2106 foris
1167 2091 1184 2123 ‚
1229 2047 1340 2106 hoc
1367 2046 1423 2105 in
1454 2048 1599 2105 omni
1621 2046 1770 2105 vitae
1802 2063 2016 2122 genere
2043 2054 2236 2105 tenea-

253 2148 376 2189 mus
393 2173 424 2209 ,Ι
462 2137 521 2187 ut
562 2128 726 2188 nobis
766 2127 1132 2206 inplacabiles
1168 2132 1371 2206 simus,
1421 2128 1740 2190 exorabiles
1779 2131 1903 2189 istis
1945 2128 2111 2188 etiam
2141 2131 2239 2207 qui

254 2212 386 2271 dare
417 2213 635 2271 veniam
665 2212 770 2270 nisi
803 2211 910 2270 sibi
940 2214 1233 2289 nesciunt,
1284 2212 1720 2291 mandemusque
1753 2214 2054 2272 memoriae
2085 2212 2239 2290 quod

252 2297 339 2354 vir
365 2293 685 2353 mitissimus
716 2301 773 2352 et
794 2294 868 2353 ob
898 2294 1011 2354 hoc
1042 2313 1268 2374 quoque
1296 2298 1597 2372 maximus,
1624 2295 1891 2373 Thrasea,
1921 2295 2125 2356 crebro
2157 2296 2322 2367 di-25

254 2394 387 2437 cere
417 2375 659 2451 solebat,
688 2378 806 2453 ‘qui
840 2378 969 2438 vitia
1000 2378 1149 2456 odit,
1190 2379 1445 2439 homines
1488 2379 1649 2439 odit?
1712 2379 1949 2452 Quaeris
1991 2379 2237 2441 fortasse

201 2472 377 2538 4quo‘
396 2468 705 2528 commotus
735 2461 879 2521 haec
906 2463 1165 2522 scribam.
1211 2462 1409 2542 Nuper
1436 2463 1656 2541 quidam
1675 2496 1760 2511 —-·
1788 2463 1892 2524 sed
1913 2462 2112 2523 melius
2139 2481 2235 2523 co·

251 2562 395 2613 ram;
442 2560 769 2622 quamquam
797 2563 868 2604 ne
890 2554 1024 2606 tunc
1053 2547 1294 2625 quidem.
1358 2546 1579 2606 Vereor
1607 2549 1754 2609 enim
1782 2566 1853 2606 ne
1885 2545 1941 2606 id
1973 2546 2126 2624 quod
2156 2549 2237 2605 in,

250 2629 434 2708 probo
470 2630 732 2687 insectari
776 2646 1010 2706 carpere
1039 2630 1161 2691 fere
1189 2632 1319 2690 huic
1356 2630 1507 2709 quod
1541 2649 1666 2689 cum
1694 2632 1928 2690 maxime
1955 2632 2236 2710 praecipi·

252 2731 372 2773 mus
405 2721 704 2790 repugnet.
770 2711 1038 2791 Quisquis
1083 2714 1215 2792 ille,
1266 2714 1722 2793 qualiscumque,
1768 2713 2035 2789 sileatur,
2068 2731 2320 2791 quem30

252 2797 520 2875 insignire
545 2796 792 2874 exempli
820 2796 977 2875 nihil,
1007 2816 1119 2858 non
1146 2799 1414 2876 insignire
1442 2798 1789 2858 humanitatis
1823 2796 2117 2875 plurimum
2147 2816 2236 2857 re-

255 2879 384 2939 fert.
443 2879 603 2940 Vale.

2436 2027 2467 2070 *π

1139 3012 1196 3075 Χ
1252 3011 1350 3072 111.

737 3111 791 3166 c,
824 3114 1069 3164 munus
1098 3013 1507 3164 MARXcELmNO
1544 3085 1663 3165 suo
1697 3112 1749 3168 S.

204 3227 236 3276 1
375 3212 567 3274 Omnia
593 3214 724 3274 mihi
747 3217 948 3294 studia,
975 3235 1169 3277 omnes
1195 3236 1381 3293 curas,
1416 3218 1595 3278 omnia
1618 3227 1981 3277 avocamenta
2003 3220 2237 3296 exemit,

255 3300 528 3373 excussit,
566 3300 769 3375 eripuit
798 3299 980 3376 dolor,
1013 3318 1181 3378 quem
1206 3320 1283 3360 ex
1312 3311 1491 3361 morte
1520 3300 1640 3360 Iuni
1670 3301 1822 3361 Aviti
1849 3303 2239 3377 gravissimum

199 3392 234 3444 2
252 3381 397 3461 cepi.
437 3379 627 3440 Latum
657 3381 875 3441 clavum
901 3385 957 3441 in
986 3382 1153 3442 domo
1175 3400 1300 3462 mea
1321 3384 1603 3444 induerat:
1638 3384 1910 3461 suffragio
1930 3402 2059 3445 meo
2084 3385 2238 3446 adiu-

2253 3153 2319 3208 35
