2467 3850
283 127 366 190 52
494 88 502 99 ’
1121 125 1184 186 o.
1232 123 1424 221 rum

283 281 427 338 enim
453 296 585 338 esse
608 295 927 355 congruens
951 278 1220 355 arbitror,
1257 295 1426 356 quem
1454 293 1668 353 augere
1701 275 2007 337 honoribus
2043 277 2266 355 cupias,

282 364 410 422 huic
444 364 667 440 pietatis
703 361 879 422 titulis
910 362 1192 439 invidere,
1235 364 1329 441 qui
1365 370 1494 422 sunt
1531 360 1785 419 omnibus
1810 360 2116 420 honoribus
2140 360 2267 437 pul·

231 459 265 510 3
285 447 553 506 chriores.
616 444 800 505 Video
824 448 1025 522 etiam,
1067 464 1192 505 cum
1226 448 1300 507 sit
1334 445 1627 522 egregium
1660 453 1718 503 et
1749 446 1956 503 mereri
1990 444 2271 504 beneficia

283 540 340 590 et
374 529 541 606 dare,
576 539 865 608 utramque
898 539 959 589 te
991 528 1212 590 laudem
1248 529 1410 589 simul
1432 528 1858 604 adsecuturum,
1896 530 1945 588 si
1968 527 2120 606 quod
2139 530 2269 606 ipse

279 615 529 673 meruisti
564 612 653 673 alii
688 615 920 673 tribuas.
986 611 1286 673 Praeterea
1318 610 1593 689 intellego
1627 612 1758 670 mihi
1798 628 2025 690 quoque
2048 609 2271 688 gloriae
2292 623 2328 674 5

282 699 441 775 fore,
481 699 528 757 si
568 716 642 756 ex
677 697 787 757 hoc
821 706 918 757 tuo
955 696 1105 757 facto
1139 715 1251 756 non
1273 697 1442 756 fuerit
1465 698 1715 772 ignotum
1738 697 1949 755 amicos
1970 712 2132 755 meos
2154 712 2272 754 non

231 794 487 860 4gerere
522 790 733 841 tantum
769 782 1076 841 tribunatus
1106 799 1281 859 posse
1313 798 1508 839 verum
1547 781 1711 838 etiam
1734 778 1884 838 dare.
1941 778 2130 851 Quare
2155 794 2271 856 ego

284 883 420 925 vero
444 865 872 926 honestissimae
896 864 1163 925 voluntati
1186 875 1316 925 tuae
1337 881 1536 944 pareo.
1571 861 1773 941 Neque
1796 864 1940 922 enim
1961 862 2145 922 adhuc
2165 879 2271 921 no-

283 968 411 1009 men
433 951 488 1009 in
507 966 770 1008 numeros
793 947 1028 1007 relatum
1051 957 1170 1025 est,
1207 947 1454 1026 ideoque
1489 946 1726 1006 liberum
1760 957 1846 1007 est
1881 947 2048 1006 nobis
2088 944 2273 1005 Silva·

284 1051 411 1093 num
434 1035 491 1092 in
519 1032 705 1093 locum
728 1041 880 1092 tuum
903 1032 1175 1101 subdere;
1223 1034 1315 1092 cui
1349 1033 1519 1111 cupio
1540 1040 1651 1091 tam
1672 1040 1891 1109 gratum
1913 1048 2046 1091 esse
2067 1048 2271 1089 munus
2293 1042 2366 1097 10

287 1128 438 1177 tuum
467 1135 630 1195 quam
649 1115 750 1175 tibi
771 1133 956 1175 meum
979 1124 1082 1176 est.
1121 1115 1282 1175 Vale.

1188 1247 1371 1309 v1111.

616 1349 670 1402 e.
709 1347 956 1400 Pramus
990 1348 1304 1399 coRNsLio
1339 1348 1673 1399 M1N1clANo
1713 1347 1830 1399 suo
1868 1347 1923 1401 S.

241 1472 267 1521 l
406 1450 639 1512 Possum
673 1453 779 1511 iam
814 1452 1172 1529 perscribere
1195 1451 1299 1511 tibi
1322 1460 1586 1528 quantum
1609 1453 1665 1510 in
1688 1450 1915 1530 publica
1941 1451 2272 1530 provinciae
2295 1466 2363 1517 15

236 1552 270 1602 2
287 1536 551 1596 Baeticae
576 1553 746 1596 causa
775 1534 985 1595 laboris
1011 1535 1379 1594 exhauserim.
1423 1535 1562 1594 Nam
1583 1535 1685 1594 fuit
1714 1534 2009 1614 multiplex
2030 1545 2271 1613 actaque

289 1630 379 1680 est
411 1622 637 1700 saepius
673 1637 799 1678 cum
830 1637 1029 1696 magna
1062 1621 1350 1679 varietate.
1396 1618 1557 1679 Unde
1578 1616 1860 1681 varietas?
1896 1619 2043 1678 unde
2072 1618 2272 1698 plures

288 1701 580 1764 actiones?
616 1702 898 1763 Caecilius
933 1701 1255 1780 Classicus,
1299 1702 1467 1764 homo
1504 1703 1708 1763 foedus
1743 1713 1801 1763 et
1834 1711 2029 1782 aperte
2053 1701 2269 1778 malus,

287 1787 742 1866 proconsulatum
764 1789 828 1846 ‘in
862 1804 929 1845 ea
962 1805 1074 1847 non
1105 1790 1283 1847 minus
1317 1787 1594 1847 violenter
1627 1805 1790 1865 quam
1821 1786 2047 1847 sordide
2069 1805 2271 1864 gesse-

140 1949 143 1954 ·
238 1880 372 1940 3rat
396 1872 596 1933 eodem
629 1889 771 1932 anno
805 1888 917 1949 quo
957 1873 1011 1930 iu
1045 1870 1235 1932 Africa
1262 1870 1467 1932 Marius
1499 1870 1739 1932 Priscus
1784 1870 1919 1931 Erat
1941 1879 2126 1931 autem
2155 1870 2365 1931 Pri-20

289 1975 422 2017 scus
454 1975 525 2015 ex
551 1956 777 2016 Baetica
794 2002 811 2032 ,
838 1975 910 2014 ex
931 1955 1121 2016 Africa
1144 1954 1453 2015 Classicus.
1502 1955 1639 2015 Inde
1665 1956 1869 2015 dictum
1890 1955 2270 2031 Baeticorum,

288 2049 347 2099 ut
382 2040 714 2119 plerumque
750 2039 913 2098 dolor
947 2041 1112 2098 etiam
1149 2050 1419 2098 venustos
1452 2038 1618 2116 facit,
1662 2056 1772 2098 non
1793 2038 2096 2117 inlepidum
2119 2039 2270 2099 fere-

237 2125 450 2190 4batur
476 2124 636 2184 fdedi
672 2122 874 2182 malum
909 2129 967 2180 et
999 2125 1242 2198 accepi.'
1298 2122 1422 2182 Sed·
1439 2120 1671 2182 Marium
1692 2142 1798 2183 una
1822 2125 2014 2184 civitas
2040 2123 2272 2201 publice

288 2208 557 2286 multique
593 2209 789 2285 privati
816 2221 974 2264 reum
1006 2214 1381 2282 peregerunt,
1419 2207 1473 2264 in
1509 2204 1818 2266 Classicum
1841 2216 1957 2267 tota
1980 2209 2274 2285 provincia

240 2292 554 2357 5incubuit.
610 2289 715 2348 Ille
749 2288 1165 2347 accusationem
1201 2288 1297 2347 vel
1330 2289 1556 2350 fortuita
1596 2290 1689 2349 vel
1735 2290 2042 2350 voluntaria
2086 2300 2270 2350 morte
2288 2297 2362 2349 25

289 2375 615 2455 praevertit.
651 2371 790 2431 Nam
813 2371 916 2430 fuit
935 2387 1087 2430 mors
1113 2373 1234 2432 eius
1258 2373 1493 2450 infamis,
1520 2374 1773 2452 ambigua
1800 2384 2014 2434 tamen:
2040 2385 2100 2435 ut
2123 2377 2275 2434 enim

292 2456 563 2518 credibile
596 2454 888 2514 videbatur
916 2453 1172 2515 voluisse
1214 2458 1370 2516 exire
1418 2457 1489 2516 de
1530 2460 1674 2535 vita,
1724 2477 1847 2517 cum
1892 2457 2117 2518 defendi
2161 2476 2274 2518 non

290 2550 519 2620 posset,
563 2541 639 2598 ita
677 2541 873 2597 mirum
917 2537 1189 2617 pudorem
1234 2540 1598 2601 damnationis
1626 2552 1807 2602 morte
1848 2541 2067 2619 fugisse
2103 2559 2276 2620 quem

241 2640 402 2693 finon
445 2624 737 2702 puduisset
783 2622 1079 2682 damnanda
1131 2627 1499 2685 committere.
1587 2626 1773 2685 Nihilo
1822 2629 2001 2686 minus
2042 2625 2274 2686 Baetica

293 2711 457 2767 etiam
480 2710 536 2765 in
573 2706 819 2766 defuncti
841 2709 1200 2767 accusatione
1222 2711 1525 2787 perstabat.
1571 2711 1862 2770 Provisum
1882 2711 1994 2771 hoc
2016 2710 2269 2787 legibus,
2289 2716 2366 2770 30

290 2793 660 2850 intermissum
693 2801 876 2851 tamen
912 2799 967 2850 et
1000 2800 1132 2869 post
1166 2791 1392 2870 longam
1426 2794 1901 2873 intercapedinem
1937 2804 2069 2854 tunc
2105 2794 2272 2854 redu-

293 2885 458 2934 ctum.
503 2873 848 2935 Addiderunt
868 2873 1085 2935 Baetici
1108 2875 1259 2953 quod
1283 2876 1445 2937 simul
1469 2879 1659 2938 socios
1683 2879 2082 2956 ministrosque
2111 2876 2274 2937 Clas-

292 2960 396 3018 sici
444 2956 758 3018 detulerunt
802 2960 1233 3037 nominatimque
1270 2963 1325 3020 in
1360 2978 1463 3019 eos
1497 2962 1912 3038 inquisitionem
1945 2961 2273 3041 postulave-

243 3049 274 3103 7
294 3050 435 3100 runt.
481 3041 723 3101 Aderam
744 3043 988 3102 Baeticis
1008 3061 1342 3122 mecumque
1364 3043 1641 3105 Lucceius
1664 3044 1934 3120 Albinus,
1976 3049 2063 3105 vir
2094 3048 2150 3105 in
2190 3046 2271 3105 di-

294 3125 475 3186 cendo
501 3128 770 3203 copiosus
804 3136 1058 3195 ornatus;
1097 3146 1265 3206 quem
1293 3145 1404 3204 ego
1430 3146 1556 3188 cum
1580 3128 1712 3188 olim
1736 3139 1925 3189 mutuo
1949 3129 2269 3207 diligerem,
2288 3138 2360 3192 35

239 3218 367 3270 Sex
400 3209 504 3270 hac
540 3210 713 3270 officii
746 3213 1019 3271 societate
1045 3230 1228 3271 amare
1262 3211 1543 3272 ardentius
1581 3214 1766 3310 coepi.
1825 3211 2009 3273 Habet
2044 3213 2273 3291 quidem

291 3292 501 3370 gloria,
526 3295 583 3353 in
607 3294 799 3355 studiis
823 3297 1187 3374 praesertim,
1211 3295 1468 3372 quiddam
1490 3286 1977 3375 ἀκοινώνητον,
2001 3298 2168 3358 nobis
2190 3308 2272 3358 ta·

291 3395 420 3437 men
451 3377 660 3439 nullum
684 3387 1000 3456 certamen,
1036 3376 1187 3438 nulla
1224 3380 1543 3456 contentio,
1581 3398 1705 3438 cum
1729 3389 1971 3459 uterque
1993 3383 2112 3460 pari
2134 3383 2270 3459 iugo
