2467 3850
774 198 1291 261 EPISTULARUM
1315 199 1389 261 ΙΙ.
1429 212 1510 266 11.
2044 205 2122 269 31

30 424 31 427 ¹
135 357 439 416 erimarum
467 351 863 432 peritissimus,
896 354 1136 432 quodam
1164 354 1322 414 velut
1345 364 1515 414 vento
1544 354 1915 415 miserationis
1944 356 2123 436 inple-

132 442 233 500 vit.
275 438 486 516 Magna
513 439 820 514 contenti0,
850 440 1035 514 magni
1062 440 1338 516 utrimque
1369 439 1668 515 clamores,
1697 437 1818 497 aliis
1852 443 2174 517 cognitio-4

134 541 268 583 nem
298 532 533 583 senatus
573 521 705 598 lege
746 521 1068 582 conclusam
1098 521 1219 581 aliis
1250 522 1482 583 liberam
1511 522 1859 600 solutamque
1893 523 2123 586 dicenti·

137 608 269 685 bus,
308 615 690 685 quantumque
721 605 1038 666 admisisset
1064 624 1197 669 r-eus
1226 616 1434 666 tantum
1464 606 1868 666 vindicandum.
1921 607 2170 673 Novis-5

93 694 280 751 5sime
327 689 529 750 consul
569 689 893 766 designatus
936 688 1108 749 Iulius
1150 689 1371 768 Ferox,
1424 692 1512 749 vir
1549 699 1740 750 rectus
1781 700 1837 757 et
1872 701 2121 771 sanctus,

135 774 320 834 Mario
353 774 579 851 quidem
618 773 836 833 iudices
867 775 1086 834 interim
1128 776 1348 834 censuit
1390 773 1635 849 dandoS,
1680 774 2001 836 evocandos
2030 795 2123 836 au-

136 870 256 920 tem
281 859 488 936 quibus
514 858 796 916 diceretur
817 859 1193 917 innocentium
1214 876 1427 937 poenas
1449 857 1795 918 vendidisse.
1819 857 1975 931 Quae
1996 879 2123 921 sen·
2138 867 2172 922 6

137 945 320 1002 tentia
341 959 455 1001 non
487 940 797 1019 praevaluit
831 941 1029 1017 modo,
1067 941 1170 1001 sed
1199 943 1420 1000 omnino
1448 952 1580 1020 post
1610 950 1788 1001 tantas
1819 942 2123 1004 dissensio-

138 1045 245 1086 nes
276 1026 386 1085 fuit
412 1024 535 1085 sola
562 1024 862 1102 frequens,
899 1025 1327 1103 adnotatumque
1360 1027 1757 1104 experimentis
1788 1027 1937 1103 quod
1966 1027 2125 1088 favor

71 1119 128 1171 lo
141 1119 200 1170 et
238 1109 630 1169 misericordia
668 1127 830 1170 acres
873 1117 930 1168 et
960 1108 1328 1169 vehementes
1362 1111 1571 1188 primos
1614 1111 1855 1187 impetus
1894 1110 2122 1189 habent,

138 1193 410 1272 paulatim
445 1191 683 1253 consilio
723 1201 780 1252 et
811 1194 1026 1251 ratione
1068 1195 1227 1271 quasi
1266 1195 1537 1253 restincta
1580 1192 1891 1254 considunt.
1963 1195 2122 1256 Unde
2141 1200 2173 1254 7

140 1279 337 1336 evenit
375 1285 437 1335 ut
478 1275 628 1354 quod
667 1275 824 1334 multi
855 1275 1098 1336 clamore
1127 1279 1407 1355 permixto
1439 1286 1663 1336 tuentur
1689 1295 1855 1336 nemo
1888 1282 2121 1339 tacenti·

138 1360 245 1421 bus
283 1362 496 1419 ceteris
526 1359 716 1419 dicere
738 1359 906 1419 velit:
938 1363 1180 1439 patescit
1211 1362 1380 1438 enim,
1416 1379 1542 1419 cum
1572 1363 1848 1439 separaris
1878 1379 1909 1420 a
1938 1364 2118 1438 turba,

141 1443 547 1522 contemplatio
579 1461 763 1502 rerum
790 1461 933 1521 quae
961 1444 1121 1504 turba
1147 1453 1429 1521 teguntur.
1481 1444 1769 1505 Venerunt
1797 1448 1892 1523 qui
1920 1445 2121 1508 adesse
2138 1451 2173 1505 8

75 1543 128 1594 15
143 1538 302 1588 erant
337 1529 509 1604 iussi,
540 1526 802 1587 Vitellius
831 1526 1146 1589 Honoratus
1176 1538 1233 1588 et
1265 1528 1490 1589 Flavius
1521 1527 1860 1597 Marcianus;
1899 1548 1971 1589 ex
2002 1533 2121 1609 qui·

143 1612 249 1673 bus
271 1611 591 1671 Honoratus
614 1613 885 1671 trecentis
910 1611 1131 1672 milibus
1154 1611 1377 1671 exilium
1400 1614 1605 1690 equitis
1618 1611 1849 1671 Romani
1874 1624 2120 1692 septem·

145 1715 255 1774 que
300 1697 607 1755 amicorum
641 1697 762 1755 eius
800 1694 1043 1754 ultimam
1084 1711 1345 1774 poenam,
1380 1694 1694 1755 Marcianus
1723 1698 1884 1755 unius
1915 1700 2119 1776 equitis

143 1780 381 1840 Romani
411 1781 784 1857 septingentis
826 1779 1047 1838 milibus
1088 1777 1249 1857 plura
1283 1777 1560 1856 supplicia
1588 1779 1924 1855 arguebatur
1954 1784 2117 1841 emis-

145 1883 238 1925 se:
273 1873 395 1924 erat
422 1865 568 1924 enim
597 1863 836 1922 fustibus
868 1880 1102 1939 caesuS,
1134 1861 1415 1922 damnatus
1443 1863 1499 1920 in
1525 1860 1830 1941 metallum,
1864 1871 2116 1942 strangu-

74 1949 291 2010 wlatus
323 1950 380 2007 in
410 1966 659 2007 carcere.
725 1947 841 2007 Sed
872 1946 1211 2006 Honoratum
1246 1948 1550 2023 cognitioni
1581 1955 1806 2006 senatus
1837 1964 1985 2006 mors
2018 1955 2169 2027 op-9

144 2043 385 2112 portuna
408 2033 710 2109 subtraxit,
745 2030 1058 2091 Marcianus
1085 2029 1342 2090 inductus
1378 2040 1466 2090 est
1496 2031 1728 2090 absente
1760 2029 1971 2090 Prisco,
2012 2031 2118 2091 Ita·

145 2136 253 2195 que
299 2114 543 2175 Tuccius
584 2113 817 2175 Cerialis
865 2114 1174 2176 consularis
1216 2117 1338 2174 iure
1380 2116 1662 2175 senatorio
1709 2114 2012 2194 postulavit
2058 2126 2120 2177 ut

145 2200 373 2260 Priscus
398 2202 606 2259 certior
634 2200 816 2276 fieret,
848 2201 969 2259 sive
1001 2201 1130 2278 quia
1161 2198 1643 2276 miserabiliorem,
1674 2201 1796 2259 sive
1826 2200 1954 2276 quIa
1980 2202 2117 2259 invi-

145 2284 449 2344 diosiorem
479 2283 602 2342 fore
627 2283 1009 2359 arbitrabatur,
1037 2285 1084 2342 si
1107 2301 1378 2362 praesens
1400 2281 1623 2360 fuisset,
1660 2285 1803 2360 sive,
1834 2283 1987 2362 quod
2005 2301 2117 2343 ma-

78 2370 289 2433 25xime
323 2366 530 2444 cred0,
572 2369 698 2445 quia
726 2369 1121 2444 aequissimum
1158 2376 1278 2427 erat
1308 2384 1598 2426 commune
1634 2369 1844 2427 crimen
1870 2368 1939 2426 ab
1966 2378 2117 2428 utro·

147 2471 254 2531 que
286 2450 537 2528 defendi,
569 2460 628 2510 et
656 2453 703 2510 si
733 2450 865 2510 dilui
894 2468 1003 2510 non
1024 2453 1325 2531 potuisset,
1355 2453 1412 2510 iu
1433 2461 1671 2530 utroque
1694 2453 1890 2531 puniri.
1934 2451 2118 2512 Dilata
2135 2463 2202 2515 lo

144 2554 235 2596 res
272 2545 362 2595 est
394 2538 450 2594 in
477 2536 789 2613 proximum
816 2546 1101 2612 senatum,
1133 2537 1291 2594 cuius
1315 2537 1440 2613 ipse
1470 2546 1813 2614 conspectus
1841 2538 2120 2611 augustis·

145 2623 316 2681 simus
346 2619 469 2678 fuit.
512 2618 780 2698 Princeps
809 2619 1193 2698 praesidebam
1223 2629 1343 2679 erat
1372 2622 1518 2679 enim
1541 2618 1767 2679 consul:
1797 2619 1867 2677 ad
1895 2618 2007 2678 hoc
2034 2619 2118 2678 Ia-

146 2705 368 2763 nuarius
402 2703 612 2763 mensis
657 2721 783 2762 cum
812 2712 1004 2763 cetera
1029 2712 1144 2763 tum
1175 2705 1481 2782 praecipue
1510 2713 1826 2764 senatorum
1855 2701 2117 2780 frequen·

81 2789 217 2847 aotia
242 2787 678 2848 celeberrimus:
700 2797 994 2866 praeterea
1017 2805 1218 2847 causae
1237 2787 1539 2867 amplitudo
1562 2797 1833 2864 auctaque
1856 2785 2118 2847 dilatione

78 2915 83 2920 ·
151 2871 473 2951 expectatio
501 2881 561 2931 et
581 2871 722 2931 fama
741 2873 1074 2949 insitumque
1095 2870 1418 2931 mortalibus
1444 2870 1681 2931 studium
1699 2887 1895 2946 magna
1918 2880 1975 2930 et
2000 2872 2118 2930 inu·

149 2959 305 3015 sitata
344 2955 620 3016 noscendi
661 2973 855 3017 omnes
883 2956 1125 3034 undique
1157 2957 1460 3015 exciverat.
1504 2955 1810 3031 Imaginare
1840 2971 1982 3032 quae
2005 2954 2117 3015 sol·
2135 2967 2200 3020 11

152 3039 381 3100 licitudo
409 3040 572 3099 nobis
590 3084 608 3116 ,
652 3042 745 3117 qui
771 3050 986 3117 metuet,
1031 3040 1232 3118 quibus
1265 3058 1438 3117 super
1463 3048 1611 3099 tanta
1639 3057 1706 3098 re
1734 3040 1789 3097 in
1819 3037 1917 3099 illo
1948 3048 2117 3098 coetu

151 3131 450 3202 praesente
482 3121 728 3184 Caesare
756 3124 1049 3184 dicendum
1071 3132 1205 3183 erat.
1263 3122 1539 3201 Equidem
1571 3124 1627 3181 in
1655 3132 1851 3184 senatu
1877 3139 1991 3182 non
2023 3142 2115 3183 se·

85 3208 257 3269 35mel
288 3210 420 3286 egi,
452 3209 585 3286 quin
620 3210 784 3269 immo
817 3225 1086 3286 nusquam
1113 3206 1288 3266 audiri
1315 3207 1610 3283 benignius
1638 3205 1833 3282 soleo,
1863 3215 1996 3265 tunc
2026 3224 2118 3265 me

153 3300 328 3353 tamen
361 3301 424 3351 ut
456 3309 603 3351 nova
643 3293 822 3352 omnia
848 3309 995 3353 novo
1028 3298 1179 3350 metu
1217 3289 1641 3371 permovebant.
1705 3289 2119 3350 Obversabatur
2134 3299 2200 3351 12

156 3387 373 3455 praeter
395 3374 494 3436 illa
517 3393 660 3454 quae
685 3394 852 3455 supra
872 3375 985 3437 dixi
1009 3393 1209 3435 causae
1234 3372 1558 3435 difficultas:
1594 3374 1774 3435 stabat
1794 3373 1960 3433 modo
1985 3391 2116 3433 con-

30 3495 31 3524 l
158 3460 384 3542 sularis,
429 3460 602 3521 modo
638 3461 945 3542 septemvir
973 3460 1307 3540 epulonum,
1350 3460 1458 3523 iam
1487 3468 1758 3522 neutrum.
1812 3456 1948 3518 Erat
1975 3474 2113 3533 ergo
2132 3460 2199 3515 13

30 2003 37 2054 l
