2467 3850
281 123 406 189 216
875 124 943 187 C.
980 125 1174 188 PLINI
1212 126 1311 187 ET
1353 126 1663 188 TRAIANI

1061 278 1231 341 Lull.
1267 279 1480 358 [mr]

711 377 766 429 G.
805 378 1050 432 PLINIUS
1084 381 1370 433 TRAIANO
1404 379 1813 431 IMPERATORI.

234 492 257 542 l
403 478 684 541 Pecuniae
713 483 1011 562 publicae,
1056 485 1312 563 domine,
1355 484 1704 564 providentia
1738 493 1832 545 tua
1866 493 1923 544 et
1951 485 2261 544 ministerio

278 574 473 624 nostro
504 575 560 625 et
593 569 701 626 iam
729 578 964 628 exactae
992 579 1120 629 sunt
1157 579 1215 629 et
1244 570 1566 646 exig-nutum
1604 585 1747 647 quae
1779 585 1986 627 vereor
2013 587 2082 628 ne
2116 571 2261 627 otio·

279 666 375 708 sae
403 650 636 710 iaceant.
682 649 821 713 Nam
844 661 901 712 et
918 652 1272 730 praediorum
1296 650 1771 732 conparandorum
1788 660 1879 711 aut
1896 651 2045 711 nulla
2062 662 2155 711 aut
2173 671 2261 711 ra·
2278 664 2312 715 ὁ

278 734 499 792 tissima
516 736 746 795 occasio
767 745 878 812 est,
908 754 1017 797 nec
1035 738 1391 797 inveniuntur
1409 737 1503 816 qui
1520 735 1697 797 velint
1726 733 1936 795 dehere
1963 738 2047 795 rei
2077 735 2263 813 publi·

281 834 407 893 cae,
437 820 767 896 praesertim
797 819 1070 880 duodenis
1099 822 1354 898 assibus,
1392 822 1580 900 quanti
1613 837 1644 879 a
1669 821 1898 899 privatis
1926 828 2259 879 mutuantur.

232 899 516 978 2Dispice
547 920 710 980 ergo,
746 902 988 979 domine,
1018 904 1283 983 numquid
1313 903 1659 965 minuendam
1689 921 1911 964 usuram
1930 921 1998 964 ac
2021 921 2127 983 per
2147 903 2262 963 hoc

282 982 519 1045 idoneos
551 985 839 1047 debitores
872 986 1184 1048 invitandos
1225 997 1428 1068 putes,
1458 997 1516 1048 et
1549 990 1598 1048 si
1630 1006 1739 1047 nec
1770 988 1853 1047 sic
1882 989 2261 1067 reperiuntur,

282 1067 718 1131 distribuendam
756 1073 902 1131 inter
943 1071 1278 1133 decuriones
1306 1074 1634 1152 pecuniam,
1665 1074 1740 1132 ita
1768 1081 1827 1132 ut
1856 1081 2015 1132 recte
2041 1074 2127 1132 rei
2156 1090 2262 1150 pu·
2279 1086 2345 1138 10

282 1151 466 1212 blicae
499 1165 760 1223 caveaut3
808 1155 960 1233 quod
989 1174 1320 1235 quamquam
1353 1157 1537 1216 invitis
1572 1164 1628 1216 et
1654 1157 2044 1216 recusantibus
2080 1156 2264 1217 minus

283 1237 543 1296 acerbum
573 1239 678 1298 erit
710 1237 923 1299 leviore
959 1258 1125 1301 usura
1161 1241 1478 1301 constituta.

1078 1388 1190 1451 ιν.
1219 1389 1460 1469 [mu]

952 1488 1279 1540 TRAIANUS
1308 1488 1513 1539 PLINIO
1550 1488 1604 1543 S.
2280 1496 2343 1549 15

400 1586 472 1647 Et
500 1589 625 1668 ipse
646 1608 757 1650 nou
784 1590 930 1651 aliud
953 1588 1259 1650 remedium
1281 1590 1542 1670 dispicio,
1573 1591 1645 1650 mi
1669 1590 1929 1651 Secunde
1952 1590 2263 1667 carissime,

286 1688 449 1748 quam
490 1682 548 1733 ut
589 1676 863 1752 quantitas
905 1693 1189 1736 usurarum
1233 1677 1540 1753 minuatur,
1584 1693 1696 1753 quo
1739 1674 1957 1735 facilius
1985 1675 2264 1752 pecuniae

285 1753 547 1833 publicae
589 1758 975 1820 conlocentur.
1038 1757 1266 1821 Modum
1306 1761 1427 1821 eius
1471 1777 1545 1819 ex
1586 1761 1749 1838 copia
1785 1776 1978 1818 eorum
2018 1760 2112 1837 qui
2145 1776 2263 1817 mu-

284 1839 580 1900 tuabuntur
612 1852 670 1902 tu
715 1845 1042 1906 constitues.
1109 1841 1323 1902 Invitos
1367 1844 1436 1903 ad
1478 1842 1864 1924 accipiendum
1907 1840 2259 1921 conpellere,

283 1926 437 2003 quod
475 1926 730 1988 fortassis
771 1929 911 2008 ipsis
955 1929 1196 1989 otiosum
1240 1927 1482 1987 futurum
1524 1929 1628 2005 sit,
1669 1946 1780 1988 non
1823 1936 1912 1990 est
1955 1946 2030 1988 ex
2056 1928 2346 1988 iustitiam

281 2019 599 2072 nostrorum
628 2021 961 2091 temporum.

1059 2160 1197 2221 Lvl.
1239 2154 1505 2239 [mni]

726 2257 779 2309 G.
815 2258 1060 2311 PLINIUS
1094 2260 1382 2311 TRAIANO
1411 2260 1820 2312 IMPERATORI.

232 2387 260 2436 l
410 2373 684 2452 Summas,
714 2375 956 2454 domine,
986 2381 1193 2455 gratias
1228 2396 1339 2457 ago
1369 2377 1518 2458 quod
1548 2379 1694 2438 inter
1723 2380 1985 2438 maximas
2015 2390 2345 2455 occupa-25

287 2459 473 2517 tiones
500 2460 565 2517 in
593 2460 663 2519 iis
696 2458 766 2519 de
796 2462 999 2539 quihus
1026 2473 1083 2523 te
1117 2462 1374 2523 consului
1403 2482 1492 2522 me
1523 2480 1749 2541 quoque
1770 2480 1977 2539 regere
2006 2461 2264 2539 dignatus

233 2551 265 2603 2
284 2561 377 2602 es:
420 2541 570 2621 quod
599 2559 745 2602 nunc
772 2563 997 2624 quoque
1031 2546 1204 2607 facias
1231 2565 1397 2623 rogo.
1458 2547 1612 2606 Adiit
1635 2548 1780 2606 enim
1813 2564 1901 2605 me
1930 2545 2154 2624 quidam
2180 2548 2262 2606 iu·

285 2625 604 2705 dicavitque
641 2628 997 2691 adversarios
1039 2648 1175 2691 suos
1204 2649 1237 2690 a
1268 2629 1509 2690 Servilio
1539 2630 1736 2706 Calvo,
1774 2629 2087 2691 clarissimo
2112 2632 2261 2707 viro,

281 2712 337 2769 in
365 2713 658 2771 triennium
686 2711 976 2789 relegatos
998 2716 1055 2773 in
1074 2716 1366 2791 provincia
1386 2716 1615 2775 morari:
1645 2713 1725 2773 illi
1749 2723 1942 2774 contra
1962 2714 2031 2773 ab
2058 2713 2263 2774 eodem

280 2813 346 2853 se
368 2797 660 2857 restitutos
683 2796 1104 2857 adfirmaverunt
1127 2798 1485 2877 edictumque
1508 2800 1904 2858 recitaverunt.
1948 2797 2072 2871 Qua
2096 2814 2264 2857 causa
2278 2799 2346 2854 30

230 2880 663 2940 3necessarium
706 2879 918 2940 credidi
960 2898 1079 2940 rem
1121 2883 1396 2959 integram
1436 2882 1505 2942 ad
1549 2892 1608 2942 te
1649 2882 1885 2941 referre.
1946 2881 2086 2941 Nam
2112 2882 2265 2942 sicut

283 2960 550 3021 mandatis
591 2963 702 3023 tuis
744 2974 966 3025 cautum
1006 2974 1097 3025 est
1136 2984 1208 3025 ne
1254 2969 1544 3030 restituam
1573 2966 1644 3026 ab
1671 2965 1782 3026 alio
1810 2975 1903 3025 aut
1931 2984 1963 3025 a
1991 2983 2083 3024 me
2111 2964 2264 3025 rele-

282 3051 478 3119 gatos,
520 3045 596 3103 ita
637 3045 706 3106 de
746 3049 814 3108 iis
860 3065 1003 3126 quos
1046 3047 1187 3109 alius
1231 3059 1289 3109 et
1328 3048 1667 3127 relegaverit
1699 3059 1756 3109 et
1790 3050 2098 3110 restituerit
2125 3047 2263 3107 nihil

284 3125 736 3202 conprehensum
777 3141 882 3192 est.
950 3131 1086 3191 Ideo
1117 3141 1209 3208 tu,
1248 3132 1503 3210 domine,
1536 3132 1914 3194 consulendus
1945 3132 2101 3193 fuisti
2130 3130 2265 3210 quid

284 3208 591 3271 observare
618 3230 709 3273 me
748 3214 966 3292 velles,
1009 3226 1119 3276 tam
1161 3215 1409 3277 Hercule
1438 3234 1600 3295 quam
1629 3216 1700 3276 de
1739 3219 1807 3277 iis
1842 3219 1937 3295 qui
1969 3218 2026 3276 in
2051 3225 2346 3295 perpe-35

232 3299 268 3351 4
286 3300 439 3349 tuum
467 3291 705 3371 relegati
733 3315 842 3357 nec
871 3301 1112 3359 restituti
1140 3301 1198 3358 in
1235 3301 1521 3378 provincia
1550 3300 2062 3379 deprehenduntur.
2122 3299 2266 3360 Nam

285 3373 431 3432 haec
466 3391 693 3456 quoque
734 3382 961 3457 species
1000 3381 1192 3443 incidit
1235 3386 1293 3444 in
1319 3386 1696 3461 cognitionem
1716 3402 1913 3444 meam.
1978 3383 2083 3444 Est
2112 3386 2266 3444 euim
