2467 3850
786 133 1312 198 PANEGYRICUS
1334 146 1420 202 82.
1446 146 1535 202 83.
1557 146 1642 202 84.
2072 143 2195 209 291

212 306 324 367 que
359 303 560 348 arcana
591 288 879 349 noscenda
908 291 1087 350 famae
1119 292 1385 369 proponit
1413 300 1583 369 atque
1615 291 1878 370 explicat.
1921 292 2041 354 Sed
2071 295 2195 375 tibi,

211 370 457 448 Caesar,
509 371 643 430 nihil
683 374 1157 434 accommodatius
1197 375 1368 433 fuerit
1409 374 1479 434 ad
1517 374 1754 452 gloriam
1787 394 1949 455 quam
1973 379 2199 456 penitus

209 456 438 533 inspici.
484 454 625 514 Sunt
652 456 877 535 quidem
909 457 1197 535 praeclara
1223 475 1368 535 quae
1396 460 1451 516 in
1477 458 1768 537 publicum
1794 461 2023 539 profers
2041 506 2059 538 ,
2095 464 2199 523 sed

208 556 325 598 non
353 540 568 598 minora
595 557 665 599 ea
698 558 842 619 quae
873 539 1059 600 limine
1089 551 1274 604 tenes.
1337 539 1444 601 Est
1480 544 1832 619 magnificum
1858 544 2009 623 quod
2039 554 2097 605 te
2126 547 2198 606 ab

158 634 192 687 5
214 624 361 682 omni
405 624 743 700 contagione
785 626 1045 683 vitiorum
1081 626 1341 703 reprimis
1379 643 1448 684 ac
1485 644 1759 704 revocas,
1807 628 1912 688 sed
1950 630 2196 706 magnifi-

213 708 432 766 centius
466 705 620 784 quod
648 716 797 767 tuos.
852 706 1071 779 Quanto
1102 711 1248 767 enim
1275 707 1455 786 magis
1482 709 1713 769 arduum
1741 720 1830 772 est
1861 711 2002 771 alios
2033 730 2194 790 prae-

212 800 363 851 stare
395 808 558 868 quam
588 809 687 869 se,
732 801 885 851 tanto
915 791 1246 851 laudabilius
1276 791 1460 870 quod,
1504 810 1631 851 cum
1660 794 1787 872 ipse
1815 796 1893 855 sis
1926 797 2193 873 optimus,

212 892 408 935 omnes
441 876 590 933 circa
617 884 675 934 te
707 874 919 935 similes
941 878 1018 934 tui
1041 875 1302 935 effecisti.
1356 874 1548 935 Multis
1576 876 1900 937 inlustribus
1928 878 2197 939 dedecori

211 959 315 1019 fuit
355 966 447 1017 aut
487 958 857 1019 inconsultius
892 977 1037 1019 uxor
1064 958 1353 1037 adsumpta
1381 970 1475 1020 aut
1503 969 1722 1021 retenta
1751 964 2079 1040 patientius:
2120 964 2196 1022 ita

124 1056 197 1108 10
215 1043 355 1102 foris
387 1041 571 1100 claros
603 1041 911 1103 domestica
942 1043 1270 1103 destruebat
1299 1043 1552 1121 infamia,
1599 1053 1657 1104 et
1684 1063 1757 1104 ne
1787 1048 2006 1108 maximi
2036 1047 2194 1107 cives

209 1127 551 1187 haberentur
578 1125 689 1185 hoc
720 1126 1003 1187 efficiebat
1032 1127 1185 1204 quod
1211 1127 1390 1186 mariti
1417 1130 1660 1188 minores
1682 1137 1855 1188 erant.
1902 1128 2025 1188 Tibi
2054 1147 2197 1189 uxor

210 1213 269 1270 in
305 1209 480 1269 decus
511 1219 568 1268 et
598 1210 834 1286 gloriam
864 1211 1031 1270 cedit.
1088 1210 1235 1283 Quid
1269 1213 1415 1271 enim
1442 1210 1537 1271 illa
1566 1209 1855 1273 sanctius?
1896 1212 2029 1291 quid
2055 1213 2194 1272 anti·

214 1289 420 1373 quius?
460 1292 695 1370 Nonne,
738 1295 786 1353 si
814 1295 1066 1373 pontifici
1099 1297 1335 1355 maximo
1373 1295 1639 1373 eligenda
1668 1297 1741 1356 sit
1783 1298 2055 1374 coniunx,
2097 1305 2194 1356 aut

211 1377 357 1437 hanc
385 1386 478 1436 aut
512 1376 750 1437 similem
780 1378 907 1456 (ubi
932 1387 1021 1438 est
1051 1388 1234 1438 autem
1265 1379 1459 1438 similis
1471 1377 1531 1457 ?)
1556 1376 1843 1457 elegerit?
1889 1379 2066 1452 Quam
2097 1378 2195 1439 illa

125 1472 199 1526 '15
219 1461 354 1521 nihil
383 1461 489 1521 sibi
525 1479 597 1520 ex
626 1462 849 1520 fortuna
878 1470 969 1521 tua
998 1462 1105 1519 nisi
1141 1462 1399 1537 gaudium
1423 1462 1694 1523 vindicat!
1740 1481 1904 1542 quam
1934 1472 2195 1525 constan·

210 1555 302 1606 ter
340 1562 462 1605 non»
484 1546 791 1623 potentiam
821 1552 998 1621 tuam,
1044 1544 1147 1603 sed
1186 1547 1370 1621 ipsum
1398 1554 1456 1603 te
1485 1546 1803 1606 reveretur!
1860 1546 2016 1606 Idem
2052 1549 2194 1607 estis

212 1631 455 1689 invicem
492 1626 644 1706 quod
671 1627 886 1703 fuistis,
931 1627 1151 1706 probati
1179 1645 1253 1686 ex
1284 1644 1500 1705 aeque,
1540 1628 1787 1706 nihilque
1816 1630 1982 1689 vobis
2011 1630 2192 1690 felici-

211 1725 298 1774 tas
340 1712 545 1772 addidit
583 1713 691 1771 nisi
732 1711 883 1789 quod
922 1713 1071 1770 scire
1115 1711 1387 1790 coepistis
1429 1729 1592 1788 quam
1637 1712 1784 1771 bene
1827 1721 2067 1790 uterque
2093 1730 2190 1772 ve·

213 1807 389 1857 strum
412 1795 738 1855 felicitatem
761 1795 922 1854 ferat.
964 1793 1177 1854 Eadem
1203 1811 1365 1872 quam
1387 1794 1604 1854 modica
1625 1794 1805 1853 cultu!
1836 1809 1998 1871 quam
2025 1812 2194 1873 parca

120 1893 197 1947 20
218 1877 507 1942 comitatu!
539 1897 700 1958 quam
732 1878 910 1939 civilis
935 1877 1191 1939 incessu!
1220 1878 1400 1939 Mariti
1426 1878 1539 1938 hoc
1571 1887 1746 1956 opuS,
1778 1879 1873 1956 qui
1894 1880 1970 1938 ita
1995 1877 2190 1956 inbuit,

210 1967 288 2024 ita
328 1963 589 2024 instituit:
638 1980 763 2022 nam
801 1965 961 2022 uxori
1000 1962 1208 2022 sufficit
1248 1962 1504 2040 obsequii
1532 1962 1731 2039 gloria.
1793 1963 1918 2040 An,
1960 1978 2086 2020 cum
2110 1964 2192 2020 vi'·

212 2049 344 2108 deat
377 2064 540 2124 quam
581 2056 639 2106 te
680 2045 867 2105 nullus
905 2055 1122 2122 terror,
1176 2045 1327 2105 nulla
1362 2048 1656 2107 comitetur
1683 2045 1942 2122 ambitio,
1992 2061 2105 2105 non
2133 2054 2193 2105 et

210 2135 338 2210 ipsa
371 2130 496 2188 cum
523 2128 746 2189 silentio
770 2130 989 2189 incedat
1016 2129 1536 2208 ingredientemque
1570 2129 1810 2208 pedibus
1838 2130 2107 2205 maritum,
2137 2129 2193 2186 in

214 2222 479 2293 quantum
511 2215 717 2292 patitur
744 2231 917 2274 sexus
936 2259 953 2289 ,
983 2211 1266 2272 imitetur?
1311 2212 1584 2273 Decuerit
1610 2214 1723 2273 hoc
1757 2213 1943 2290 illam,
1977 2213 2190 2272 etiamsi

121 2312 196 2366 25
218 2299 441 2358 diversa
480 2307 540 2357 tu
578 2296 772 2358 facias.
833 2297 949 2356 Sub
979 2297 1082 2356 hac
1111 2315 1253 2357 vero
1284 2297 1557 2358 modestia
1585 2299 1693 2356 viri
1735 2305 1991 2375 quantam
2020 2295 2192 2356 debet

211 2381 609 2443 verecundiam
641 2399 785 2440 uxor
810 2384 1035 2457 marit0,
1083 2380 1289 2442 femina
1314 2381 1448 2442 sibi!
1504 2381 1680 2442 Soror
1703 2391 1888 2442 autem
1913 2390 2008 2442 tua
2035 2389 2097 2440 ut
2125 2398 2189 2440 se
2210 2374 2292 2438 84

214 2483 471 2527 sororem
504 2484 634 2526 esse
659 2465 929 2526 meminit!
974 2466 1119 2523 utin
1157 2465 1252 2526 illa
1291 2475 1383 2526 tua
1425 2465 1783 2544 simplicitas,
1825 2475 1921 2525 tua
1959 2465 2191 2538 veritas,

213 2559 344 2611 tuus
388 2549 595 2609 candor
625 2549 974 2626 agnoscitur!
1023 2558 1116 2626 ut,
1169 2552 1217 2610 si
1260 2552 1383 2628 quis
1413 2567 1537 2609 eam
1564 2552 1725 2609 uxori
1755 2557 1883 2609 tuae
1915 2546 2190 2620 conferat,

216 2634 468 2693 dubitare
510 2640 744 2709 cogatur
781 2642 962 2692 utrum
1001 2635 1075 2693 sit
1120 2633 1405 2693 efficacius
1437 2633 1505 2691 ad
1533 2641 1692 2692 recte
1720 2629 2018 2690 vivendum
2044 2627 2191 2686 bene

125 2728 201 2782 30
219 2719 427 2777 institui
459 2734 527 2775 an
556 2714 802 2775 feliciter
830 2717 1004 2775 nasci.
1067 2715 1218 2775 Nihil
1260 2726 1347 2776 est
1374 2724 1485 2774 tam
1524 2730 1759 2793 pronum
1787 2711 1856 2772 ad
1883 2710 2192 2771 simultates

218 2819 382 2880 quam
420 2798 750 2876 aemulatio,
788 2801 845 2859 in
883 2800 1101 2860 feminis
1130 2799 1490 2879 praesertim:
1538 2815 1605 2857 ea
1636 2813 1808 2875 porro
1835 2796 2071 2854 maxime
2097 2811 2192 2852 na·

218 2888 396 2946 scitur
425 2902 498 2943 ex
528 2884 921 2944 coniunctione
938 2929 956 2961 ,
1000 2883 1163 2942 alitur
1200 2880 1532 2959 aequalitate
1548 2926 1565 2956 ,
1610 2879 1927 2940 exardescit
1963 2876 2188 2954 invidia,

219 2970 381 3030 cuius
413 2968 534 3026 finis
566 2976 654 3026 est
689 2965 891 3026 odium.
952 2966 1079 3039 Quo
1122 2965 1346 3044 quidem
1373 2964 1745 3025 admirabilius
1775 2960 2193 3023 existimandum

219 3061 310 3113 est
350 3050 503 3130 quod
537 3050 860 3111 mulieribus
893 3051 1105 3112 duabus
1135 3052 1192 3108 in
1226 3067 1334 3108 una
1365 3047 1531 3108 domo
1558 3049 1795 3127 parique
1820 3045 2042 3107 fortuna
2070 3044 2191 3105 nul-

129 3146 201 3201 35
214 3136 332 3197 lum
361 3144 675 3212 certamen,
715 3134 867 3194 nulla
909 3135 1194 3195 contentio
1225 3142 1333 3193 est.
1386 3132 1711 3210 Suspiciunt
1741 3131 1980 3192 invicem
1997 3175 2015 3207 ,
2053 3131 2192 3190 invi-

220 3238 347 3281 cem
380 3219 611 3288 cedunt;
654 3236 892 3298 cumque
921 3227 978 3278 te
1017 3226 1250 3295 utraque
1291 3217 1627 3276 effusissime
1659 3215 1884 3293 diligat,
1927 3213 2063 3274 nihil
2092 3232 2193 3274 sua

221 3314 414 3385 putant
441 3305 721 3364 interesse
754 3313 929 3363 utram
956 3312 1015 3363 tu
1044 3303 1220 3378 magis
1255 3319 1425 3362 ames.
1483 3298 1638 3360 Idem
1671 3301 1892 3377 utrique
1931 3299 2193 3377 proposi-

220 3400 370 3468 tum,
413 3388 563 3450 idem
589 3398 755 3450 tenor
778 3389 927 3450 vitae
944 3433 961 3468 ,
991 3385 1239 3468 nihilque
1267 3404 1340 3448 ex
1363 3402 1476 3467 quo
1503 3382 1874 3529 sentiaf9d3as
1907 3399 2057 3445 esse.
2111 3378 2193 3439 Te
