2467 3850
682 177 1204 243 EPISTULARUM
1229 176 1354 240 v11.
1396 189 1483 243 28.
1511 189 1596 243 29.
1622 188 1707 242 30.
2058 177 2178 243 151

198 331 331 391 mihi
361 348 657 474 nusmlquam
691 334 1110 413 persuadebunt
1147 342 1208 394 ut
1249 349 1407 394 meos
1440 333 1607 393 amari
1646 349 1680 391 a
1705 349 1795 392 me
1822 331 2046 391 nimium
2078 350 2179 412 pu-

197 425 332 476 tem.
448 434 480 475 a
505 435 556 475 e.

21 0 37 181 ¹

1043 548 1332 610 XXVIIII.

151 678 184 729 5
727 648 781 699 c.
820 649 1064 700 PLiNms
1097 647 1409 700 MONTANO
1448 646 1567 698 suo
1599 645 1653 701 S.

318 750 589 828 Ridebis,
632 751 833 812 deinde
879 752 1293 830 indignaberis,
1348 749 1550 812 deinde
1588 748 1832 826 ridebis,
1865 751 1924 809 -si
1966 749 2227 827 legerisl

197 834 383 913 quod,
413 837 520 894 nisi
551 833 762 911 legeris
780 881 798 913 ,
830 853 941 895 non
969 847 1136 915 potes
1167 835 1422 896 credere.
1477 831 1582 894 Est
1604 835 1693 893 via
1723 832 2005 893 Tiburtina
2035 837 2173 894 intra
2192 846 2225 896 2

194 921 432 998 primum
464 917 707 997 lapidem
737 920 1022 998 (proxime
1053 919 1344 997 adnotavi)
1389 920 1784 978 monimentum
1812 916 2073 978 Pallantis
2101 921 2176 978 ita

194 1004 523 1082 inscriptum
555 1003 708 1063 ‘huic
750 1013 979 1063 senatus
1019 1004 1092 1063 ob
1123 1002 1290 1064 fidem
1325 1004 1706 1081 pietatemque
1737 1018 1873 1078 erga
1909 1011 2176 1080 patronos

114 1101 183 1152 10
199 1096 518 1146 ornamenta
561 1089 839 1164 praetoria
886 1085 1139 1147 decrevit
1183 1097 1241 1147 et
1281 1087 1602 1146 sestertium
1651 1087 1866 1145 centies
1912 1087 2177 1164 quinqua-

197 1173 356 1248 gies,
405 1171 561 1230 cuius
603 1170 817 1231 honore
868 1181 1163 1231 contentus
1204 1171 1352 1229 fuit?
1404 1168 1681 1247 Equidem
1723 1176 2016 1246 numquam
2057 1178 2228 1230 sum-3

194 1257 422 1313 miratus
453 1272 594 1332 quae
620 1256 846 1332 saepius
874 1274 906 1314 a
936 1254 1154 1314 fortuna
1180 1273 1343 1333 quam
1366 1272 1398 1312 a
1422 1253 1627 1312 iudicio
1658 1253 2177 1332 proficiscerentur:

193 1339 434 1397 maxime
463 1347 645 1397 tamen
671 1338 764 1397 hic
791 1356 880 1399 me
913 1337 1107 1398 titulus
1138 1338 1417 1397 admonuit
1450 1355 1611 1415 quam
1641 1345 1836 1396 essent
1866 1338 2082 1396 mimica
2119 1347 2175 1398 et

194 1424 387 1500 inepta
417 1440 559 1500 quae
589 1420 863 1481 interdum
892 1424 948 1481 in
977 1423 1087 1482 hoc
1120 1440 1386 1498 caenum,
1430 1420 1529 1487 has
1571 1419 1772 1480 sordes
1800 1419 2175 1497 abicerentur,

116 1511 180 1563 15
196 1523 341 1583 quae
376 1504 617 1583 denique
658 1504 755 1563 ille
794 1504 1028 1565 furcifer
1075 1514 1132 1566 et
1173 1508 1435 1583 recipere
1469 1522 1637 1563 ausus
1682 1513 1770 1564 est
1814 1512 1872 1563 et
1912 1523 2176 1565 recusare

193 1598 363 1667 atque
397 1591 562 1648 etiam
599 1597 658 1647 ut
688 1587 1082 1649 moderationis
1128 1587 1448 1668 exemplum
1476 1589 1722 1667 posteris
1752 1585 2013 1665 prodere.
2061 1587 2223 1649 Sede}

195 1671 329 1750 quid
360 1667 661 1748 indignor?
706 1670 915 1732 Ridere
957 1675 1128 1733 satius
1150 1719 1166 1749 ,
1211 1692 1284 1732 ne
1317 1692 1382 1732 se
1411 1689 1669 1748 magnum
1697 1670 1906 1749 aliquid
1936 1671 2174 1752 adeptos

194 1765 392 1833 putent
423 1758 518 1833 qui
545 1756 657 1814 huc
686 1754 959 1816 felicitate
988 1758 1322 1836 perveniunt
1352 1765 1411 1815 ut
1440 1754 1737 1814 rideantur.
1805 1753 1967 1815 Vale.

24 1858 25 1861 Ὺ
110 1934 178 1985 20
1088 1888 1268 1951 xxx.
1407 1962 1414 1972 ⁸

724 1988 779 2040 C.
817 1988 1063 2040 PLINIUS
1098 1990 1394 2040 GENITORI
1425 1990 1545 2041 SUO
1582 1988 1633 2038 S.

155 2052 252 2175 Q
322 2090 616 2169 Torqueor
646 2091 797 2170 quod
827 2091 1190 2171 discipulum,
1234 2103 1293 2152 ut
1325 2090 1564 2169 scribiS,
1608 2092 1847 2170 optimae
1890 2090 2015 2169 spei
2043 2091 2223 2156 ami-1

195 2176 354 2249 sisti,
401 2177 559 2240 cuius
602 2185 659 2235 et
697 2175 999 2236 valitudine
1041 2185 1098 2235 et
1133 2186 1313 2235 morte
1348 2176 1613 2255 impedita
1655 2174 1835 2236 studia
1862 2185 1954 2235 tua
1984 2174 2172 2252 quidni

195 2255 409 2318 sciam?
452 2277 576 2317 cum
605 2262 682 2319 sis
716 2262 954 2319 omnium
987 2259 1298 2319 officiorum
1328 2260 1888 2337 observantissimus,
1934 2277 2171 2338 cumque

109 2345 391 2415 ffiomnes
423 2360 564 2420 quos
599 2341 806 2422 probas
837 2343 1173 2403 effusissime
1205 2342 1424 2420 diligas.
1458 2342 1551 2409 Me
1576 2343 1685 2402 huc
1710 2361 1935 2422 quoque
1964 2343 2217 2406 urbana2

192 2428 421 2502 negotia
459 2437 847 2505 persecuntur.
928 2425 1055 2486 Non
1096 2427 1298 2487 desunt
1341 2429 1485 2485 enim
1529 2427 1622 2506 qui
1665 2446 1755 2487 me
1794 2427 2037 2487 iudicem
2081 2436 2172 2486 aut
2282 2484 2286 2488 .

191 2510 454 2569 arbitrum
483 2511 704 2580 faciant.
766 2509 1062 2570 Accedunt
1097 2509 1388 2588 querellae
1417 2513 1784 2587 rusticorum,
1829 2513 1922 2589 qui
1950 2511 2223 2572 auribus-'3

190 2595 333 2652 meis
358 2604 487 2672 post
516 2593 741 2671 longum
766 2604 986 2673 tempus
1018 2612 1121 2654 suo
1146 2597 1265 2654 iure
1292 2593 1604 2656 abutuntur.
1643 2593 1815 2655 Instat
1838 2603 1893 2653 et
1918 2597 2171 2654 necessi-

191 2687 279 2737 tas
308 2694 569 2754 agrorum
598 2677 959 2737 locandorum
987 2696 1258 2757 perquam
1285 2677 1552 2737 molesta:
1594 2677 1737 2737 adeo
1766 2695 1947 2736 rarum
1977 2686 2065 2737 est
2091 2677 2171 2736 in·-

105 2765 178 2825 30
190 2762 387 2819 venire
416 2760 649 2820 idoneos
683 2762 1075 2821 conductores,
1120 2761 1336 2833 Quibus
1361 2780 1433 2820 ex
1459 2763 1642 2821 causis
1666 2763 1925 2839 precario
1942 2760 2165 2838 stude0,
2187 2772 2223 2824 4

192 2842 396 2906 studeo
421 2852 632 2903 tamen:
659 2863 784 2904 nam
810 2855 868 2904 et
891 2845 1080 2904 scribo
1107 2845 1316 2924 aliquid
1346 2854 1403 2904 et
1432 2844 1593 2920 lego:
1626 2844 1729 2904 sed
1758 2862 1883 2903 cum
1910 2843 2068 2922 lego,
2099 2863 2173 2904 ex

193 2928 593 3004 conparatione
628 2931 810 2988 sentio
840 2947 1002 3006 quam
1030 2928 1175 2988 male
1219 2928 1493 3002 scribam,
1541 2927 1676 2987 licet
1716 2936 1775 2986 tu
1805 2929 1936 2988 mihi
1965 2929 2172 2988 bonum

190 3013 427 3071 animum
467 3009 670 3087 faciaS,
720 3014 813 3090 qui
849 3012 1076 3072 libellos
1120 3030 1282 3071 meos
1321 3011 1391 3070 de
1432 3011 1645 3070 ultione
1684 3010 1906 3072 Helvidi
1938 3014 2172 3072 orationi

188 3093 589 3156 Demosthenis
618 3087 781 3154 κατὰ
803 3093 1094 3156 Μειδίου
1126 3095 1375 3170 confers,
1410 3113 1573 3173 quam
1602 3112 1757 3169 sane,
1789 3114 1912 3154 cum
1937 3113 2166 3176 compo·
2185 3107 2217 3158 5

106 3188 174 3241 35
191 3196 384 3238 nerem
417 3177 580 3253 illos,
623 3177 788 3237 habui
824 3181 877 3237 in
914 3180 1198 3255 manibus,
1244 3196 1356 3237 non
1389 3187 1449 3237 ut
1492 3176 1803 3240 aemularer
1847 3180 2173 3259 (inprobum

190 3265 336 3322 enim
376 3280 443 3320 ac
486 3279 668 3338 paene
714 3262 1048 3341 furiosum),
1099 3263 1202 3325 sed
1253 3272 1435 3322 tamen
1486 3263 1734 3320 imitarer
1772 3271 1830 3320 et
1873 3281 2168 3341 sequerer,

164 3356 453 3423 *quantum
482 3356 574 3404 aut
599 3345 895 3406 diversitas
924 3349 1295 3423 ingeniorum,
1326 3346 1545 3405 maximi
1579 3353 1637 3404 et
1663 3346 1889 3423 minimi,
1921 3357 2013 3407 aut
2043 3364 2171 3405 cau·

190 3448 289 3490 sae
320 3428 708 3489 dissimilitudo
737 3438 1044 3508 pateretur.
1114 3429 1277 3489 Vale.
