2467 3850
394 220 436 283 2
1230 217 1297 280 C.
1342 216 1536 278 PLINI

398 369 830 432 contubernales
868 372 939 431 ab
973 369 1220 431 editione
1251 389 1362 431 non
1388 370 1727 447 abhorrere,
1759 372 1807 431 si
1840 368 2006 430 modo
2036 378 2096 429 tu
2124 368 2365 429 fortasse
2429 434 2432 443 ἦ

347 462 381 516 6
398 456 576 514 errori
603 465 795 516 nostro
823 454 1005 514 album
1032 454 1307 514 calculum
1335 453 1632 514 adieceris.
1672 453 1776 514 Est
1799 456 1946 513 enim
1969 453 2133 532 plane
2161 451 2367 531 aliquid
2429 448 2432 491 f

395 537 705 616 edendum,
761 546 930 618 atque
971 540 1175 597 utinam
1220 538 1332 597 hoc
1378 540 1725 616 potissimum
1764 537 1915 616 quod
1956 546 2205 616 paratum
2253 534 2367 595 est!
2431 536 2432 603 g

395 621 583 699 (audis
608 621 856 683 desidiae
877 622 1098 701 votum)
1123 621 1398 682 edendum
1427 631 1610 681 autem
1636 640 1711 681 ex
1733 620 1984 700 pluribus
2017 622 2223 698 causis,
2255 637 2370 678 ma·
2429 608 2432 681 l

394 707 541 765 xime
591 706 741 783 quod
781 703 959 766 libelli
1008 723 1151 783 quos
1202 707 1484 765 emisimus
1528 705 1784 766 dicuntur
1818 707 1874 764 in
1914 704 2166 764 manibus
2207 686 2432 780 esse,5*

395 791 644 866 quamvis
680 791 783 849 iam
814 791 1043 865 gratiam
1070 792 1330 850 novitatis
1362 790 1645 858 exuerint;
1685 790 1790 849 nisi
1818 797 2001 848 tamen
2023 787 2246 847 auribus
2269 804 2372 845 no·

395 875 525 932 stris
558 872 900 952 bibliopolae
929 872 1297 933 blandiuntur.
1369 872 1484 932 Sed
1518 891 1653 933 sane
1679 872 2059 948 blandiantur,
2109 871 2236 930 dum
2263 888 2376 950 per

393 955 505 1016 hoc
533 955 878 1016 mendacium
904 956 1066 1017 nobis
1102 957 1284 1017 studia
1308 964 1501 1021 nostra
1530 955 1934 1017 commendent.
1999 953 2159 1015 Vale.
2227 1028 2239 1035 ς

1317 1088 1416 1150 111.
1438 1030 1500 1131 Χ

858 1186 914 1236 G.
947 1186 1194 1238 PLINIUS
1226 1187 1485 1240 CANINIO
1521 1187 1687 1239 RUFO
1723 1187 1842 1239 SUO
1873 1185 1926 1238 S.

355 1298 385 1349 1
526 1283 671 1359 Quid
706 1287 819 1362 agit
855 1282 1121 1363 Comum,
1152 1295 1281 1347 tuae
1314 1306 1588 1366 meaeque
1617 1283 1895 1347 deliciae?
1937 1285 2070 1364 quid
2102 1285 2382 1347 suburba-

396 1388 525 1429 num
562 1366 1055 1429 amoenissimum?
1106 1371 1239 1448 quid
1277 1371 1374 1431 illa
1413 1373 1666 1450 porticus
1703 1388 1875 1431 verna
1915 1366 2188 1447 semper?
2241 1372 2387 1448 quid

393 1453 658 1534 platanon
689 1454 1058 1531 opacissimus
1075 1450 1105 1511 ⁴?
1147 1454 1281 1532 quid
1302 1454 1548 1534 Euripus
1575 1453 1767 1514 viridis
1796 1460 1855 1513 et
1878 1449 2212 1530 gemmeus?
2241 1455 2385 1532 quid

396 1537 687 1598 subiectus
723 1546 780 1596 et
820 1539 1075 1621 serviens
1104 1535 1315 1597 lacus?
1359 1539 1491 1618 quid
1529 1537 1624 1597 ina
1662 1537 1849 1597 mollis
1881 1544 1939 1596 et
1982 1545 2166 1596 tamen
2193 1530 2435 1617 solidallt

395 1617 683 1698 gestatio?
722 1620 855 1698 quid
890 1620 1167 1680 balineum
1207 1621 1377 1700 illud,
1436 1622 1588 1700 quod
1627 1620 1896 1700 plurimus
1946 1618 2033 1680 sol
2074 1621 2271 1699 implet
2322 1634 2381 1683 et

399 1700 696 1763 circumit?
727 1703 860 1782 quid
888 1704 1124 1763 triclinia
1152 1704 1247 1764 illa
1280 1706 1591 1785 popularia,
1616 1705 1710 1765 illa
1729 1700 2071 1784 paucorum?
2114 1705 2246 1782 quid
2281 1725 2380 1766 cu·

397 1787 584 1848 bicula
617 1787 807 1847 diurna
838 1785 1151 1848 nocturna?
1190 1787 1490 1850 Possident
1519 1800 1576 1850 te
1608 1799 1665 1850 et
1698 1807 1804 1867 per
1834 1790 1993 1849 vices
2027 1787 2381 1866 partiuntur?
2425 1798 2430 1803 ’

347 1881 500 1950 2an,
540 1880 600 1931 ut
631 1870 891 1950 solebas,
935 1873 1242 1933 intentione
1280 1876 1364 1935 rei
1397 1874 1677 1935 familiaris
1705 1872 1995 1934 obeundae
2030 1872 2246 1934 crebris
2280 1893 2382 1935 ex·

400 1956 750 2016 cursionibus
779 1953 1075 2016 avocaris‘?
1118 1958 1178 2017 Si
1209 1968 1267 2018 te
1305 1960 1632 2038 possident,
1673 1957 1815 2017 felix
1844 1958 2159 2034 beatusque
2189 1976 2290 2027 es;
2336 1949 2437 2024 si2l

352 2042 601 2117 3minus,
632 2059 771 2100 unus
803 2058 877 2098 ex
905 2039 1109 2100 multis.
1179 2040 1326 2113 Quin
1349 2051 1407 2101 tu
1438 2043 1691 2121 (tempus
1722 2049 1811 2101 est
1840 2040 2017 2119 enim)
2046 2040 2290 2101 humiles
2327 2052 2387 2103 et
2435 2069 2436 2072 ¹

398 2123 650 2184 sordidas
700 2141 862 2183 curas
902 2122 1025 2182 aliis
1059 2124 1284 2185 mandas
1326 2135 1385 2184 et
1425 2128 1551 2204 ipse
1590 2133 1648 2183 te
1684 2126 1740 2182 in
1784 2124 1896 2184 alto
1926 2127 2036 2185 isto
2067 2126 2386 2205 pinguique
2435 2149 2436 2190 4

399 2225 638 2268 secessu
678 2206 876 2268 studiis
916 2203 1173 2267 adseris?
1215 2206 1342 2267 Hoc
1386 2210 1458 2267 sit
1498 2209 2000 2286 negotiumtuum,
2036 2206 2149 2268 boc
2180 2211 2387 2289 otium,

398 2289 493 2349 hic
523 2290 715 2368 labor,
746 2289 889 2349 haec
923 2292 1114 2367 quies:
1155 2291 1210 2348 in
1240 2290 1328 2350 his
1363 2291 1586 2368 vigilia,
1618 2293 1674 2350 in
1704 2292 1792 2352 his
1825 2294 1990 2355 etiam
2027 2310 2259 2353 somnus
2293 2314 2386 2354 re·

354 2383 651 2451 4ponatur.
722 2372 947 2449 Effinge
996 2372 1204 2451 aliquid
1241 2383 1298 2433 et
1338 2374 1556 2435 excude
1593 2376 1744 2454 quod
1789 2377 1862 2436 sit
1897 2384 2174 2455 perpetuo
2211 2395 2222 2426 τ
2407 2377 2436 2432 a}

396 2456 539 2517 Nam
567 2457 782 2536 reliqua
814 2473 998 2515 rerum
1030 2466 1245 2516 tuarum
1272 2468 1404 2536 post
1430 2467 1488 2518 te
1517 2459 1681 2518 alium
1708 2466 1874 2538 atque
1905 2459 2070 2519 alium
2097 2459 2170 2519 do
2199 2467 2328 2518 διῐῑ--ιι
2361 2489 2388 2518 μ
2435 2531 2436 2536 ¹

400 2543 724 2618 sortientur,
753 2540 865 2599 hoc
895 2557 1189 2618 numquam
1210 2550 1363 2600 tuum
1388 2542 1607 2604 desinet
1631 2563 1787 2620 esse,
1824 2546 1873 2604 si
1896 2543 2074 2603 semel
2097 2562 2180 2603 co·
2257 2573 2284 2596 ι·
2333 2573 2362 2586 ··
2435 2543 2436 2580 ³

358 2624 541 2687 ὁδοῖο
576 2642 743 2703 quem
770 2624 1042 2700 animum,
1087 2623 1240 2701 quod
1267 2623 1462 2686 horter
1487 2629 1785 2703 ingenium.
1845 2626 1928 2686 Tu
1957 2627 2124 2687 modo
2158 2647 2182 2689 ε
2263 2657 2268 2664 ’

399 2716 460 2768 ut
487 2708 587 2769 tibi
619 2710 743 2786 ipse
773 2708 852 2767 sis
880 2708 1015 2765 tanti
1048 2711 1235 2787 quanti
1255 2709 1540 2771 videberis
1564 2710 1685 2776 aliis
1721 2713 1769 2771 si
1799 2711 1898 2771 tibi
1929 2710 2121 2772 fueris.
2197 2715 2214 2742 ¹⁸

1319 2841 1449 2904 1111.

672 2937 726 2988 o.
759 2937 1007 2990 Pmes
1039 2940 1362 2994 POMPEIAE
1395 2943 1756 2995 CELERlNAE
1794 2941 2019 2993 socam
2049 2941 2100 2995 S.

357 3051 387 3102 1
530 3035 805 3109 Quantum
838 3039 1123 3119 copiarum
1153 3043 1209 3101 in
1240 3041 1612 3120 Ocriculano,
1642 3043 1697 3101 in
1728 3039 2055 3119 Narniensi,
2087 3044 2144 3102 in
2174 3041 2366 3104 Cui-s:

401 3119 550 3197 lano,
581 3122 636 3178 in
664 3119 934 3183 Perusino
965 3124 1089 3185 tuo!
1140 3127 1194 3185 in
1224 3126 1520 3186 Narniensi
1557 3144 1698 3186 vero
1729 3127 1894 3186 etiam
1928 3125 2208 3187 balineum
2339 3133 2346 3142 “

402 3202 658 3282 epistulis
700 3208 840 3266 meis
882 3207 1036 3286 (nam
1079 3210 1185 3268 iam
1221 3212 1333 3270 tuis
1368 3227 1510 3288 opus
1539 3227 1651 3269 non
1685 3209 1803 3288 est)
1836 3227 1941 3268 una
1971 3208 2065 3269 illa
2095 3209 2218 3270 bre*
2277 3247 2288 3256 -

354 3296 564 3349 2vetus
600 3288 826 3350 sufficit.
894 3290 1022 3351 Non
1055 3310 1144 3352 me
1181 3292 1430 3352 Hercule
1460 3302 1570 3353 tam
1599 3310 1720 3353 mea
1749 3300 1877 3354 sunt
1913 3310 2058 3370 quae
2089 3312 2214 3353 mea
2265 3329 2272 3338 ·

403 3389 568 3450 quam
593 3390 734 3450 quae
765 3382 884 3435 tua:
917 3375 1029 3436 hoc
1053 3385 1235 3436 tamen
1271 3376 1563 3454 differunt,
1600 3377 1751 3455 quod
1784 3375 2080 3438 sollicitius
2110 3386 2169 3437 et
2196 3379 2308 3435 im.
2347 3407 2370 3428 ι

359 3456 515 3520 atius
548 3459 628 3522 tui
656 3475 746 3520 me
780 3477 944 3543 quam
971 3462 1082 3521 mei
1107 3462 1410 3540 excipiunt.
1452 3459 1607 3522 Idem
1634 3460 1875 3522 fortasse
1904 3463 2128 3522 eveniet
2161 3460 2236 3520 tit
2307 3529 2314 3536 ‚

2393 1112 2435 1174 1<
