<?xml version="1.0" encoding="UTF-8"?>
<!DOCTYPE html PUBLIC "-//W3C//DTD XHTML 1.0 Transitional//EN"
    "http://www.w3.org/TR/xhtml1/DTD/xhtml1-transitional.dtd">
<html xmlns="http://www.w3.org/1999/xhtml" xml:lang="en" lang="en">
 <head>
  <title>
</title>
<meta http-equiv="Content-Type" content="text/html;charset=utf-8" />
  <meta name='ocr-system' content='tesseract 3.04.00' />
  <meta name='ocr-capabilities' content='ocr_page ocr_carea ocr_par ocr_line ocrx_word'/>
</head>
<body>
  <div class='ocr_page' id='page_1' title='image "./cplinicaecilise00unkngoog_0134.png"; bbox 0 0 2467 3850; ppageno 0'>
   <div class='ocr_carea' id='block_1_1' title="bbox 199 136 1436 203">
    <p class='ocr_par' dir='ltr' id='par_1_1' title="bbox 199 136 1436 203">
     <span class='ocr_line' id='line_1_1' title="bbox 199 136 1436 203; baseline -0.002 0"><span class='ocrx_word' id='word_1_1' title='bbox 199 161 210 167; x_wconf 90' lang='lat'><strong>·</strong></span> <span class='ocrx_word' id='word_1_2' title='bbox 307 136 429 203; x_wconf 86' lang='lat'><strong>104</strong></span> <span class='ocrx_word' id='word_1_3' title='bbox 1135 137 1199 201; x_wconf 86' lang='lat' dir='ltr'><strong>C.</strong></span> <span class='ocrx_word' id='word_1_4' title='bbox 1246 138 1436 201; x_wconf 88' lang='lat' dir='ltr'><strong>PLINI</strong></span> 
     </span>
    </p>
   </div>
   <div class='ocr_carea' id='block_1_2' title="bbox 204 288 2363 2948">
    <p class='ocr_par' dir='ltr' id='par_1_2' title="bbox 247 288 2327 787">
     <span class='ocr_line' id='line_1_2' title="bbox 247 288 2279 370; baseline 0 -17"><span class='ocrx_word' id='word_1_5' title='bbox 247 289 556 369; x_wconf 80' lang='lat' dir='ltr'><strong>-3virginali</strong></span> <span class='ocrx_word' id='word_1_6' title='bbox 586 291 947 352; x_wconf 83' lang='lat' dir='ltr'><strong>verecundia.</strong></span> <span class='ocrx_word' id='word_1_7' title='bbox 1011 288 1086 351; x_wconf 87' lang='lat' dir='ltr'><strong>Ut</strong></span> <span class='ocrx_word' id='word_1_8' title='bbox 1124 289 1219 351; x_wconf 92' lang='lat' dir='ltr'><strong>illa</strong></span> <span class='ocrx_word' id='word_1_9' title='bbox 1257 292 1430 370; x_wconf 83' lang='lat' dir='ltr'><strong>patris</strong></span> <span class='ocrx_word' id='word_1_10' title='bbox 1463 292 1781 353; x_wconf 81' lang='lat' dir='ltr'><strong>cervicibus</strong></span> <span class='ocrx_word' id='word_1_11' title='bbox 1822 290 2173 353; x_wconf 78' lang='lat' dir='ltr'><strong>inhaerebat!</strong></span> <span class='ocrx_word' id='word_1_12' title='bbox 2220 303 2279 353; x_wconf 93' lang='lat' dir='ltr'><strong>ut</strong></span> 
     </span>
     <span class='ocr_line' id='line_1_3' title="bbox 300 374 2276 454; baseline 0.001 -20"><span class='ocrx_word' id='word_1_13' title='bbox 300 393 405 435; x_wconf 91' lang='lat' dir='ltr'><strong>nos</strong></span> <span class='ocrx_word' id='word_1_14' title='bbox 439 376 648 435; x_wconf 87' lang='lat' dir='ltr'><strong>amicos</strong></span> <span class='ocrx_word' id='word_1_15' title='bbox 681 384 948 453; x_wconf 90' lang='lat' dir='ltr'><strong>paternos</strong></span> <span class='ocrx_word' id='word_1_16' title='bbox 980 383 1037 435; x_wconf 93' lang='lat' dir='ltr'><strong>et</strong></span> <span class='ocrx_word' id='word_1_17' title='bbox 1076 383 1326 435; x_wconf 85' lang='lat' dir='ltr'><strong>amanter</strong></span> <span class='ocrx_word' id='word_1_18' title='bbox 1365 384 1424 435; x_wconf 93' lang='lat' dir='ltr'><strong>et</strong></span> <span class='ocrx_word' id='word_1_19' title='bbox 1466 376 1723 437; x_wconf 81' lang='lat' dir='ltr'><strong>modeste</strong></span> <span class='ocrx_word' id='word_1_20' title='bbox 1765 374 2276 454; x_wconf 81' lang='lat' dir='ltr'>complectebatur!</span> 
     </span>
     <span class='ocr_line' id='line_1_4' title="bbox 299 458 2277 539; baseline 0.001 -21"><span class='ocrx_word' id='word_1_21' title='bbox 299 469 359 519; x_wconf 90' lang='lat' dir='ltr'><strong>ut</strong></span> <span class='ocrx_word' id='word_1_22' title='bbox 380 461 651 535; x_wconf 89' lang='lat' dir='ltr'><strong>nutrices,</strong></span> <span class='ocrx_word' id='word_1_23' title='bbox 683 468 741 518; x_wconf 92' lang='lat' dir='ltr'><strong>ut</strong></span> <span class='ocrx_word' id='word_1_24' title='bbox 768 458 1157 538; x_wconf 85' lang='lat' dir='ltr'><strong>paedagogos,</strong></span> <span class='ocrx_word' id='word_1_25' title='bbox 1188 468 1248 518; x_wconf 91' lang='lat' dir='ltr'><strong>ut</strong></span> <span class='ocrx_word' id='word_1_26' title='bbox 1277 469 1684 538; x_wconf 79' lang='lat' dir='ltr'><strong>praeceptores</strong></span> <span class='ocrx_word' id='word_1_27' title='bbox 1715 476 1821 539; x_wconf 91' lang='lat' dir='ltr'><strong>pro</strong></span> <span class='ocrx_word' id='word_1_28' title='bbox 1856 476 1959 520; x_wconf 90' lang='lat' dir='ltr'><strong>suo</strong></span> <span class='ocrx_word' id='word_1_29' title='bbox 1992 478 2277 538; x_wconf 85' lang='lat' dir='ltr'><strong>quemque</strong></span> 
     </span>
     <span class='ocr_line' id='line_1_5' title="bbox 300 541 2277 621; baseline 0.001 -20"><span class='ocrx_word' id='word_1_30' title='bbox 300 543 493 603; x_wconf 81' lang='lat' dir='ltr'><strong>officio</strong></span> <span class='ocrx_word' id='word_1_31' title='bbox 522 541 822 619; x_wconf 80' lang='lat' dir='ltr'><strong>diligebat!</strong></span> <span class='ocrx_word' id='word_1_32' title='bbox 850 559 1014 621; x_wconf 88' lang='lat' dir='ltr'><strong>quam</strong></span> <span class='ocrx_word' id='word_1_33' title='bbox 1038 542 1315 620; x_wconf 82' lang='lat' dir='ltr'><strong>studiose,</strong></span> <span class='ocrx_word' id='word_1_34' title='bbox 1349 560 1513 620; x_wconf 91' lang='lat' dir='ltr'><strong>quam</strong></span> <span class='ocrx_word' id='word_1_35' title='bbox 1540 542 1941 621; x_wconf 81' lang='lat' dir='ltr'><strong>intellegenter</strong></span> <span class='ocrx_word' id='word_1_36' title='bbox 1959 542 2277 603; x_wconf 79' lang='lat' dir='ltr'><strong>lectitabat!</strong></span> 
     </span>
     <span class='ocr_line' id='line_1_6' title="bbox 297 624 2327 706; baseline 0 -21"><span class='ocrx_word' id='word_1_37' title='bbox 297 636 359 687; x_wconf 93' lang='lat' dir='ltr'><strong>ut</strong></span> <span class='ocrx_word' id='word_1_38' title='bbox 391 643 564 705; x_wconf 88' lang='lat' dir='ltr'><strong>parce</strong></span> <span class='ocrx_word' id='word_1_39' title='bbox 593 626 992 704; x_wconf 84' lang='lat' dir='ltr'><strong>custoditeque</strong></span> <span class='ocrx_word' id='word_1_40' title='bbox 1030 624 1287 686; x_wconf 80' lang='lat' dir='ltr'><strong>ludebat!</strong></span> <span class='ocrx_word' id='word_1_41' title='bbox 1339 625 1460 699; x_wconf 83' lang='lat' dir='ltr'><strong>Qua</strong></span> <span class='ocrx_word' id='word_1_42' title='bbox 1494 627 1590 687; x_wconf 89' lang='lat' dir='ltr'><strong>illa</strong></span> <span class='ocrx_word' id='word_1_43' title='bbox 1619 629 2004 705; x_wconf 83' lang='lat' dir='ltr'><strong>temperantia,</strong></span> <span class='ocrx_word' id='word_1_44' title='bbox 2038 644 2147 705; x_wconf 88' lang='lat' dir='ltr'><strong>qua</strong></span> <span class='ocrx_word' id='word_1_45' title='bbox 2174 644 2327 706; x_wconf 85' lang='lat' dir='ltr'><strong>pa-5</strong></span> 
     </span>
     <span class='ocr_line' id='line_1_7' title="bbox 297 709 2278 787; baseline 0 -17"><span class='ocrx_word' id='word_1_46' title='bbox 297 711 524 787; x_wconf 90' lang='lat' dir='ltr'><strong>tientia,</strong></span> <span class='ocrx_word' id='word_1_47' title='bbox 579 728 686 787; x_wconf 88' lang='lat' dir='ltr'><strong>qua</strong></span> <span class='ocrx_word' id='word_1_48' title='bbox 730 709 898 769; x_wconf 91' lang='lat' dir='ltr'><strong>etiam</strong></span> <span class='ocrx_word' id='word_1_49' title='bbox 951 712 1260 769; x_wconf 87' lang='lat' dir='ltr'><strong>constantia</strong></span> <span class='ocrx_word' id='word_1_50' title='bbox 1299 711 1655 770; x_wconf 87' lang='lat' dir='ltr'><strong>novissimam</strong></span> <span class='ocrx_word' id='word_1_51' title='bbox 1697 709 2072 770; x_wconf 83' lang='lat' dir='ltr'><strong>valetudinem</strong></span> <span class='ocrx_word' id='word_1_52' title='bbox 2119 709 2278 770; x_wconf 82' lang='lat' dir='ltr'><strong>tulit!</strong></span> 
     </span>
    </p>

    <p class='ocr_par' dir='ltr' id='par_1_3' title="bbox 251 792 2278 955">
     <span class='ocr_line' id='line_1_8' title="bbox 251 792 2278 872; baseline -0.002 -15"><span class='ocrx_word' id='word_1_53' title='bbox 251 792 531 857; x_wconf 82' lang='lat' dir='ltr'><strong>4Medicis</strong></span> <span class='ocrx_word' id='word_1_54' title='bbox 556 793 1006 872; x_wconf 82' lang='lat' dir='ltr'><strong>obsequebatur,</strong></span> <span class='ocrx_word' id='word_1_55' title='bbox 1052 810 1337 869; x_wconf 85' lang='lat' dir='ltr'><strong>sororem,</strong></span> <span class='ocrx_word' id='word_1_56' title='bbox 1379 803 1594 872; x_wconf 88' lang='lat' dir='ltr'><strong>patrem</strong></span> <span class='ocrx_word' id='word_1_57' title='bbox 1624 793 2035 870; x_wconf 83' lang='lat' dir='ltr'><strong>adhortabatur,</strong></span> <span class='ocrx_word' id='word_1_58' title='bbox 2071 795 2278 872; x_wconf 88' lang='lat' dir='ltr'><strong>ipsam·</strong></span> 
     </span>
     <span class='ocr_line' id='line_1_9' title="bbox 299 877 2275 955; baseline 0.001 -20"><span class='ocrx_word' id='word_1_59' title='bbox 299 894 410 955; x_wconf 87' lang='lat' dir='ltr'><strong>que</strong></span> <span class='ocrx_word' id='word_1_60' title='bbox 456 895 521 937; x_wconf 95' lang='lat' dir='ltr'><strong>se</strong></span> <span class='ocrx_word' id='word_1_61' title='bbox 564 877 882 937; x_wconf 88' lang='lat' dir='ltr'><strong>destitutam</strong></span> <span class='ocrx_word' id='word_1_62' title='bbox 936 878 1194 955; x_wconf 89' lang='lat' dir='ltr'><strong>corporis</strong></span> <span class='ocrx_word' id='word_1_63' title='bbox 1234 877 1448 937; x_wconf 85' lang='lat' dir='ltr'><strong>viribus</strong></span> <span class='ocrx_word' id='word_1_64' title='bbox 1498 880 1698 955; x_wconf 82' lang='lat' dir='ltr'><strong>vigore</strong></span> <span class='ocrx_word' id='word_1_65' title='bbox 1739 880 1901 936; x_wconf 91' lang='lat' dir='ltr'><strong>animi</strong></span> <span class='ocrx_word' id='word_1_66' title='bbox 1942 877 2275 938; x_wconf 88' lang='lat' dir='ltr'><strong>sustinebat.</strong></span> 
     </span>
    </p>

    <p class='ocr_par' dir='ltr' id='par_1_4' title="bbox 247 959 2363 1122">
     <span class='ocr_line' id='line_1_10' title="bbox 247 959 2276 1039; baseline -0.001 -15"><span class='ocrx_word' id='word_1_67' title='bbox 247 960 528 1025; x_wconf 85' lang='lat' dir='ltr'><strong>5Duravit</strong></span> <span class='ocrx_word' id='word_1_68' title='bbox 553 959 646 1020; x_wconf 88' lang='lat' dir='ltr'><strong>bic</strong></span> <span class='ocrx_word' id='word_1_69' title='bbox 687 959 765 1020; x_wconf 91' lang='lat' dir='ltr'><strong>illi</strong></span> <span class='ocrx_word' id='word_1_70' title='bbox 806 978 987 1039; x_wconf 88' lang='lat' dir='ltr'><strong>usque</strong></span> <span class='ocrx_word' id='word_1_71' title='bbox 1012 959 1081 1019; x_wconf 89' lang='lat' dir='ltr'><strong>ad</strong></span> <span class='ocrx_word' id='word_1_72' title='bbox 1110 969 1421 1022; x_wconf 87' lang='lat' dir='ltr'><strong>extremum</strong></span> <span class='ocrx_word' id='word_1_73' title='bbox 1448 980 1557 1021; x_wconf 90' lang='lat' dir='ltr'><strong>nec</strong></span> <span class='ocrx_word' id='word_1_74' title='bbox 1598 970 1690 1020; x_wconf 86' lang='lat' dir='ltr'><strong>aut</strong></span> <span class='ocrx_word' id='word_1_75' title='bbox 1723 963 1906 1038; x_wconf 89' lang='lat' dir='ltr'><strong>spatio</strong></span> <span class='ocrx_word' id='word_1_76' title='bbox 1939 959 2276 1021; x_wconf 82' lang='lat' dir='ltr'><strong>valetudinis</strong></span> 
     </span>
     <span class='ocr_line' id='line_1_11' title="bbox 298 1043 2363 1122; baseline -0.001 -18"><span class='ocrx_word' id='word_1_77' title='bbox 298 1052 389 1104; x_wconf 90' lang='lat' dir='ltr'><strong>aut</strong></span> <span class='ocrx_word' id='word_1_78' title='bbox 417 1054 568 1104; x_wconf 90' lang='lat' dir='ltr'><strong>metu</strong></span> <span class='ocrx_word' id='word_1_79' title='bbox 601 1046 796 1105; x_wconf 89' lang='lat' dir='ltr'><strong>mortis</strong></span> <span class='ocrx_word' id='word_1_80' title='bbox 824 1045 1094 1105; x_wconf 81' lang='lat' dir='ltr'><strong>infractus</strong></span> <span class='ocrx_word' id='word_1_81' title='bbox 1124 1054 1247 1120; x_wconf 90' lang='lat' dir='ltr'><strong>est,</strong></span> <span class='ocrx_word' id='word_1_82' title='bbox 1288 1062 1404 1122; x_wconf 90' lang='lat' dir='ltr'><strong>quo</strong></span> <span class='ocrx_word' id='word_1_83' title='bbox 1442 1043 1636 1122; x_wconf 87' lang='lat' dir='ltr'><strong>plures</strong></span> <span class='ocrx_word' id='word_1_84' title='bbox 1671 1047 2074 1121; x_wconf 85' lang='lat' dir='ltr'><strong>gravioresque</strong></span> <span class='ocrx_word' id='word_1_85' title='bbox 2103 1045 2273 1105; x_wconf 88' lang='lat' dir='ltr'><strong>nobis</strong></span> <span class='ocrx_word' id='word_1_86' title='bbox 2294 1061 2363 1113; x_wconf 87' lang='lat'><strong>10</strong></span> 
     </span>
    </p>

    <p class='ocr_par' dir='ltr' id='par_1_5' title="bbox 244 1126 2275 1375">
     <span class='ocr_line' id='line_1_12' title="bbox 244 1126 2274 1207; baseline -0.002 -14"><span class='ocrx_word' id='word_1_87' title='bbox 244 1138 277 1193; x_wconf 88' lang='lat'><strong>6</strong></span> <span class='ocrx_word' id='word_1_88' title='bbox 297 1146 492 1188; x_wconf 83' lang='lat' dir='ltr'><strong>causas</strong></span> <span class='ocrx_word' id='word_1_89' title='bbox 521 1127 868 1206; x_wconf 88' lang='lat' dir='ltr'><strong>relinqueret</strong></span> <span class='ocrx_word' id='word_1_90' title='bbox 897 1137 954 1188; x_wconf 93' lang='lat' dir='ltr'><strong>et</strong></span> <span class='ocrx_word' id='word_1_91' title='bbox 983 1128 1248 1188; x_wconf 88' lang='lat' dir='ltr'><strong>desiderii</strong></span> <span class='ocrx_word' id='word_1_92' title='bbox 1277 1137 1334 1187; x_wconf 92' lang='lat' dir='ltr'><strong>et</strong></span> <span class='ocrx_word' id='word_1_93' title='bbox 1362 1128 1596 1188; x_wconf 75' lang='lat' dir='ltr'><strong>doloris,</strong></span> <span class='ocrx_word' id='word_1_94' title='bbox 1643 1126 1690 1187; x_wconf 90' lang='grc' dir='ltr'><strong>Ο</strong></span> <span class='ocrx_word' id='word_1_95' title='bbox 1721 1130 1879 1188; x_wconf 90' lang='lat' dir='ltr'><strong>triste</strong></span> <span class='ocrx_word' id='word_1_96' title='bbox 1914 1128 2080 1207; x_wconf 90' lang='lat' dir='ltr'><strong>plane</strong></span> <span class='ocrx_word' id='word_1_97' title='bbox 2109 1145 2274 1188; x_wconf 88' lang='lat' dir='ltr'><strong>acer-</strong></span> 
     </span>
     <span class='ocr_line' id='line_1_13' title="bbox 296 1210 2274 1291; baseline -0.001 -19"><span class='ocrx_word' id='word_1_98' title='bbox 296 1212 537 1291; x_wconf 87' lang='lat' dir='ltr'><strong>bumque</strong></span> <span class='ocrx_word' id='word_1_99' title='bbox 568 1211 761 1272; x_wconf 84' lang='lat' dir='ltr'><strong>funus!</strong></span> <span class='ocrx_word' id='word_1_100' title='bbox 797 1229 832 1271; x_wconf 92' lang='lat' dir='ltr'><strong>o</strong></span> <span class='ocrx_word' id='word_1_101' title='bbox 864 1221 1046 1271; x_wconf 85' lang='lat' dir='ltr'><strong>morte</strong></span> <span class='ocrx_word' id='word_1_102' title='bbox 1065 1213 1189 1289; x_wconf 91' lang='lat' dir='ltr'><strong>ipsa</strong></span> <span class='ocrx_word' id='word_1_103' title='bbox 1214 1213 1408 1270; x_wconf 87' lang='lat' dir='ltr'><strong>mortis</strong></span> <span class='ocrx_word' id='word_1_104' title='bbox 1440 1221 1663 1289; x_wconf 88' lang='lat' dir='ltr'><strong>tempus</strong></span> <span class='ocrx_word' id='word_1_105' title='bbox 1697 1210 2002 1289; x_wconf 77' lang='lat' dir='ltr'><strong>indignius!</strong></span> <span class='ocrx_word' id='word_1_106' title='bbox 2039 1213 2147 1271; x_wconf 89' lang='lat' dir='ltr'><strong>iam</strong></span> <span class='ocrx_word' id='word_1_107' title='bbox 2174 1212 2274 1271; x_wconf 91' lang='lat' dir='ltr'><strong>de-</strong></span> 
     </span>
     <span class='ocr_line' id='line_1_14' title="bbox 291 1294 2275 1375; baseline 0.001 -21"><span class='ocrx_word' id='word_1_108' title='bbox 291 1297 488 1355; x_wconf 88' lang='lat' dir='ltr'><strong>stinata</strong></span> <span class='ocrx_word' id='word_1_109' title='bbox 528 1304 647 1356; x_wconf 89' lang='lat' dir='ltr'><strong>erat</strong></span> <span class='ocrx_word' id='word_1_110' title='bbox 677 1297 912 1373; x_wconf 77' lang='lat' dir='ltr'><strong>egregio</strong></span> <span class='ocrx_word' id='word_1_111' title='bbox 945 1297 1166 1373; x_wconf 86' lang='lat' dir='ltr'><strong>iuveni,</strong></span> <span class='ocrx_word' id='word_1_112' title='bbox 1211 1297 1319 1355; x_wconf 86' lang='lat' dir='ltr'><strong>iam</strong></span> <span class='ocrx_word' id='word_1_113' title='bbox 1360 1295 1582 1355; x_wconf 89' lang='lat' dir='ltr'><strong>electus</strong></span> <span class='ocrx_word' id='word_1_114' title='bbox 1622 1297 1932 1375; x_wconf 89' lang='lat' dir='ltr'><strong>nuptiarum</strong></span> <span class='ocrx_word' id='word_1_115' title='bbox 1965 1294 2119 1373; x_wconf 84' lang='lat' dir='ltr'><strong>dies,</strong></span> <span class='ocrx_word' id='word_1_116' title='bbox 2164 1296 2275 1355; x_wconf 87' lang='lat' dir='ltr'><strong>iam</strong></span> 
     </span>
    </p>

    <p class='ocr_par' dir='ltr' id='par_1_6' title="bbox 248 1377 2358 1709">
     <span class='ocr_line' id='line_1_15' title="bbox 248 1377 2274 1457; baseline -0.001 -17"><span class='ocrx_word' id='word_1_117' title='bbox 248 1387 397 1443; x_wconf 87' lang='lat' dir='ltr'><strong>&#39;&#39;Inos</strong></span> <span class='ocrx_word' id='word_1_118' title='bbox 437 1381 643 1439; x_wconf 84' lang='lat' dir='ltr'><strong>vocati.</strong></span> <span class='ocrx_word' id='word_1_119' title='bbox 714 1378 879 1453; x_wconf 85' lang='lat' dir='ltr'><strong>Quod</strong></span> <span class='ocrx_word' id='word_1_120' title='bbox 920 1378 1178 1457; x_wconf 85' lang='lat' dir='ltr'><strong>gaudium</strong></span> <span class='ocrx_word' id='word_1_121' title='bbox 1216 1396 1329 1457; x_wconf 89' lang='lat' dir='ltr'><strong>quo</strong></span> <span class='ocrx_word' id='word_1_122' title='bbox 1363 1396 1617 1439; x_wconf 88' lang='lat' dir='ltr'><strong>maerore</strong></span> <span class='ocrx_word' id='word_1_123' title='bbox 1655 1385 1922 1439; x_wconf 84' lang='lat' dir='ltr'><strong>mutatum</strong></span> <span class='ocrx_word' id='word_1_124' title='bbox 1962 1377 2078 1438; x_wconf 84' lang='lat' dir='ltr'><strong>est!</strong></span> <span class='ocrx_word' id='word_1_125' title='bbox 2112 1409 2127 1448; x_wconf 84' lang='grc'><strong>·,</strong></span> <span class='ocrx_word' id='word_1_126' title='bbox 2140 1378 2274 1439; x_wconf 86' lang='lat' dir='ltr'><strong>Non</strong></span> 
     </span>
     <span class='ocr_line' id='line_1_16' title="bbox 291 1457 2358 1543; baseline -0 -21"><span class='ocrx_word' id='word_1_127' title='bbox 291 1480 523 1542; x_wconf 88' lang='lat' dir='ltr'><strong>possum</strong></span> <span class='ocrx_word' id='word_1_128' title='bbox 562 1465 879 1543; x_wconf 87' lang='lat' dir='ltr'><strong>exprimere</strong></span> <span class='ocrx_word' id='word_1_129' title='bbox 919 1462 1112 1523; x_wconf 82' lang='lat' dir='ltr'><strong>verbis</strong></span> <span class='ocrx_word' id='word_1_130' title='bbox 1152 1471 1415 1540; x_wconf 89' lang='lat' dir='ltr'><strong>quantum</strong></span> <span class='ocrx_word' id='word_1_131' title='bbox 1453 1463 1633 1522; x_wconf 91' lang='lat' dir='ltr'><strong>animo</strong></span> <span class='ocrx_word' id='word_1_132' title='bbox 1676 1462 1880 1523; x_wconf 80' lang='lat' dir='ltr'><strong>vulnus</strong></span> <span class='ocrx_word' id='word_1_133' title='bbox 1920 1457 2269 1541; x_wconf 81' lang='lat' dir='ltr'><strong>accepe&#39;rim,</strong></span> <span class='ocrx_word' id='word_1_134' title='bbox 2289 1478 2358 1530; x_wconf 84' lang='lat'><strong>15</strong></span> 
     </span>
     <span class='ocr_line' id='line_1_17' title="bbox 292 1545 2268 1625; baseline -0.001 -17"><span class='ocrx_word' id='word_1_135' title='bbox 292 1563 418 1608; x_wconf 89' lang='lat' dir='ltr'><strong>cum</strong></span> <span class='ocrx_word' id='word_1_136' title='bbox 445 1546 630 1608; x_wconf 87' lang='lat' dir='ltr'><strong>audivi</strong></span> <span class='ocrx_word' id='word_1_137' title='bbox 665 1546 985 1608; x_wconf 87' lang='lat' dir='ltr'><strong>Fundanum</strong></span> <span class='ocrx_word' id='word_1_138' title='bbox 1007 1548 1226 1625; x_wconf 88' lang='lat' dir='ltr'><strong>ipsum,</strong></span> <span class='ocrx_word' id='word_1_139' title='bbox 1268 1555 1328 1606; x_wconf 94' lang='lat' dir='ltr'><strong>ut</strong></span> <span class='ocrx_word' id='word_1_140' title='bbox 1355 1545 1524 1606; x_wconf 90' lang='lat' dir='ltr'><strong>multa</strong></span> <span class='ocrx_word' id='word_1_141' title='bbox 1554 1546 1812 1607; x_wconf 86' lang='lat' dir='ltr'><strong>luctuosa</strong></span> <span class='ocrx_word' id='word_1_142' title='bbox 1843 1545 2007 1606; x_wconf 90' lang='lat' dir='ltr'><strong>dolor</strong></span> <span class='ocrx_word' id='word_1_143' title='bbox 2033 1547 2268 1623; x_wconf 83' lang='lat' dir='ltr'><strong>invenit,</strong></span> 
     </span>
     <span class='ocr_line' id='line_1_18' title="bbox 291 1629 2271 1709; baseline 0.001 -20"><span class='ocrx_word' id='word_1_144' title='bbox 291 1632 765 1709; x_wconf 86' lang='lat' dir='ltr'><strong>praecipientem,</strong></span> <span class='ocrx_word' id='word_1_145' title='bbox 809 1630 960 1708; x_wconf 89' lang='lat' dir='ltr'><strong>quod</strong></span> <span class='ocrx_word' id='word_1_146' title='bbox 1001 1632 1059 1690; x_wconf 91' lang='lat' dir='ltr'><strong>in</strong></span> <span class='ocrx_word' id='word_1_147' title='bbox 1087 1640 1284 1690; x_wconf 83' lang='lat' dir='ltr'><strong>vestes</strong></span> <span class='ocrx_word' id='word_1_148' title='bbox 1325 1633 1617 1706; x_wconf 82' lang='lat' dir='ltr'><strong>margarita</strong></span> <span class='ocrx_word' id='word_1_149' title='bbox 1654 1648 1902 1709; x_wconf 82' lang='lat' dir='ltr'><strong>gemmas</strong></span> <span class='ocrx_word' id='word_1_150' title='bbox 1929 1629 2111 1690; x_wconf 82' lang='lat' dir='ltr'><strong>fuerat</strong></span> <span class='ocrx_word' id='word_1_151' title='bbox 2140 1648 2271 1690; x_wconf 92' lang='lat' dir='ltr'><strong>ero-</strong></span> 
     </span>
    </p>

    <p class='ocr_par' dir='ltr' id='par_1_7' title="bbox 245 1713 2353 2046">
     <span class='ocr_line' id='line_1_19' title="bbox 245 1713 2272 1794; baseline -0.002 -18"><span class='ocrx_word' id='word_1_152' title='bbox 245 1722 558 1792; x_wconf 78' lang='lat' dir='ltr'><strong>Sgaturus,</strong></span> <span class='ocrx_word' id='word_1_153' title='bbox 600 1714 713 1775; x_wconf 87' lang='lat' dir='ltr'><strong>boc</strong></span> <span class='ocrx_word' id='word_1_154' title='bbox 747 1716 918 1775; x_wconf 88' lang='lat' dir='ltr'><strong>intus</strong></span> <span class='ocrx_word' id='word_1_155' title='bbox 950 1724 1009 1774; x_wconf 93' lang='lat' dir='ltr'><strong>et</strong></span> <span class='ocrx_word' id='word_1_156' title='bbox 1045 1722 1330 1792; x_wconf 77' lang='lat' dir='ltr'><strong>unguenta</strong></span> <span class='ocrx_word' id='word_1_157' title='bbox 1357 1722 1414 1773; x_wconf 91' lang='lat' dir='ltr'><strong>et</strong></span> <span class='ocrx_word' id='word_1_158' title='bbox 1444 1715 1649 1774; x_wconf 91' lang='lat' dir='ltr'><strong>odores</strong></span> <span class='ocrx_word' id='word_1_159' title='bbox 1683 1715 2101 1794; x_wconf 86' lang='lat' dir='ltr'><strong>inpenderetur.</strong></span> <span class='ocrx_word' id='word_1_160' title='bbox 2160 1713 2272 1773; x_wconf 87' lang='lat' dir='ltr'><strong>Est</strong></span> 
     </span>
     <span class='ocr_line' id='line_1_20' title="bbox 291 1797 2269 1877; baseline 0 -21"><span class='ocrx_word' id='word_1_161' title='bbox 291 1797 514 1877; x_wconf 89' lang='lat' dir='ltr'><strong>quidem</strong></span> <span class='ocrx_word' id='word_1_162' title='bbox 552 1798 651 1859; x_wconf 92' lang='lat' dir='ltr'><strong>ille</strong></span> <span class='ocrx_word' id='word_1_163' title='bbox 692 1797 939 1858; x_wconf 89' lang='lat' dir='ltr'><strong>eruditus</strong></span> <span class='ocrx_word' id='word_1_164' title='bbox 981 1807 1040 1859; x_wconf 90' lang='lat' dir='ltr'><strong>et</strong></span> <span class='ocrx_word' id='word_1_165' title='bbox 1078 1800 1339 1877; x_wconf 87' lang='lat' dir='ltr'><strong>sapiens,</strong></span> <span class='ocrx_word' id='word_1_166' title='bbox 1384 1806 1444 1856; x_wconf 92' lang='lat' dir='ltr'><strong>ut</strong></span> <span class='ocrx_word' id='word_1_167' title='bbox 1482 1800 1578 1875; x_wconf 89' lang='lat' dir='ltr'><strong>qui</strong></span> <span class='ocrx_word' id='word_1_168' title='bbox 1615 1816 1682 1858; x_wconf 88' lang='lat' dir='ltr'><strong>se</strong></span> <span class='ocrx_word' id='word_1_169' title='bbox 1721 1799 1791 1858; x_wconf 90' lang='lat' dir='ltr'><strong>ab</strong></span> <span class='ocrx_word' id='word_1_170' title='bbox 1821 1799 2047 1857; x_wconf 87' lang='lat' dir='ltr'><strong>ineunte</strong></span> <span class='ocrx_word' id='word_1_171' title='bbox 2079 1806 2269 1858; x_wconf 84' lang='lat' dir='ltr'><strong>aetate</strong></span> 
     </span>
     <span class='ocr_line' id='line_1_21' title="bbox 288 1880 2353 1961; baseline -0 -18"><span class='ocrx_word' id='word_1_172' title='bbox 288 1881 575 1945; x_wconf 86' lang='lat' dir='ltr'><strong>altioribus</strong></span> <span class='ocrx_word' id='word_1_173' title='bbox 610 1882 809 1944; x_wconf 88' lang='lat' dir='ltr'><strong>studiis</strong></span> <span class='ocrx_word' id='word_1_174' title='bbox 850 1882 1173 1961; x_wconf 86' lang='lat' dir='ltr'><strong>artibusque</strong></span> <span class='ocrx_word' id='word_1_175' title='bbox 1216 1880 1523 1959; x_wconf 88' lang='lat' dir='ltr'><strong>dediderit,</strong></span> <span class='ocrx_word' id='word_1_176' title='bbox 1563 1881 1666 1942; x_wconf 88' lang='lat' dir='ltr'><strong>sed</strong></span> <span class='ocrx_word' id='word_1_177' title='bbox 1705 1901 1853 1942; x_wconf 91' lang='lat' dir='ltr'><strong>nunc</strong></span> <span class='ocrx_word' id='word_1_178' title='bbox 1898 1882 2080 1943; x_wconf 88' lang='lat' dir='ltr'><strong>omnia</strong></span> <span class='ocrx_word' id='word_1_179' title='bbox 2118 1895 2353 1960; x_wconf 81' lang='lat' dir='ltr'><strong>quae2o</strong></span> 
     </span>
     <span class='ocr_line' id='line_1_22' title="bbox 286 1965 2268 2046; baseline 0 -20"><span class='ocrx_word' id='word_1_180' title='bbox 286 1967 457 2026; x_wconf 87' lang='lat' dir='ltr'><strong>audiit</strong></span> <span class='ocrx_word' id='word_1_181' title='bbox 484 1984 659 2046; x_wconf 83' lang='lat' dir='ltr'><strong>saepe</strong></span> <span class='ocrx_word' id='word_1_182' title='bbox 677 2013 694 2044; x_wconf 93' lang='lat'><strong>,</strong></span> <span class='ocrx_word' id='word_1_183' title='bbox 727 1985 872 2046; x_wconf 89' lang='lat' dir='ltr'><strong>quae</strong></span> <span class='ocrx_word' id='word_1_184' title='bbox 907 1966 1045 2026; x_wconf 81' lang='lat' dir='ltr'><strong>dixit</strong></span> <span class='ocrx_word' id='word_1_185' title='bbox 1072 1975 1402 2044; x_wconf 84' lang='lat' dir='ltr'><strong>aspernatur</strong></span> <span class='ocrx_word' id='word_1_186' title='bbox 1428 1966 1793 2045; x_wconf 86' lang='lat' dir='ltr'><strong>expulsisque</strong></span> <span class='ocrx_word' id='word_1_187' title='bbox 1823 1965 2119 2026; x_wconf 87' lang='lat' dir='ltr'><strong>virtutibus</strong></span> <span class='ocrx_word' id='word_1_188' title='bbox 2140 1966 2268 2026; x_wconf 90' lang='lat' dir='ltr'><strong>aliis</strong></span> 
     </span>
    </p>

    <p class='ocr_par' dir='ltr' id='par_1_8' title="bbox 240 2048 2269 2295">
     <span class='ocr_line' id='line_1_23' title="bbox 240 2048 2269 2128; baseline -0.001 -15"><span class='ocrx_word' id='word_1_189' title='bbox 240 2052 514 2128; x_wconf 86' lang='lat' dir='ltr'><strong>9pietatis</strong></span> <span class='ocrx_word' id='word_1_190' title='bbox 544 2059 633 2110; x_wconf 88' lang='lat' dir='ltr'><strong>est</strong></span> <span class='ocrx_word' id='word_1_191' title='bbox 656 2048 827 2110; x_wconf 84' lang='lat' dir='ltr'><strong>totus.</strong></span> <span class='ocrx_word' id='word_1_192' title='bbox 867 2048 1170 2126; x_wconf 81' lang='lat' dir='ltr'><strong>Ignosces,</strong></span> <span class='ocrx_word' id='word_1_193' title='bbox 1193 2048 1443 2110; x_wconf 87' lang='lat' dir='ltr'><strong>laudabis</strong></span> <span class='ocrx_word' id='word_1_194' title='bbox 1473 2052 1658 2127; x_wconf 86' lang='lat' dir='ltr'><strong>etiam,</strong></span> <span class='ocrx_word' id='word_1_195' title='bbox 1688 2053 1737 2110; x_wconf 88' lang='lat' dir='ltr'><strong>si</strong></span> <span class='ocrx_word' id='word_1_196' title='bbox 1761 2052 2101 2127; x_wconf 82' lang='lat' dir='ltr'><strong>cogitaveris</strong></span> <span class='ocrx_word' id='word_1_197' title='bbox 2130 2050 2269 2128; x_wconf 90' lang='lat' dir='ltr'><strong>quid</strong></span> 
     </span>
     <span class='ocr_line' id='line_1_24' title="bbox 287 2131 2268 2212; baseline 0 -20"><span class='ocrx_word' id='word_1_198' title='bbox 287 2136 548 2195; x_wconf 86' lang='lat' dir='ltr'><strong>amiserit.</strong></span> <span class='ocrx_word' id='word_1_199' title='bbox 613 2131 812 2193; x_wconf 88' lang='lat' dir='ltr'><strong>Amisit</strong></span> <span class='ocrx_word' id='word_1_200' title='bbox 843 2132 987 2192; x_wconf 76' lang='lat' dir='ltr'><strong>enim</strong></span> <span class='ocrx_word' id='word_1_201' title='bbox 1017 2132 1183 2192; x_wconf 82' lang='lat' dir='ltr'><strong>filiam</strong></span> <span class='ocrx_word' id='word_1_202' title='bbox 1210 2151 1352 2210; x_wconf 89' lang='lat' dir='ltr'><strong>quae</strong></span> <span class='ocrx_word' id='word_1_203' title='bbox 1379 2151 1491 2192; x_wconf 91' lang='lat' dir='ltr'><strong>non</strong></span> <span class='ocrx_word' id='word_1_204' title='bbox 1517 2136 1695 2193; x_wconf 89' lang='lat' dir='ltr'><strong>minus</strong></span> <span class='ocrx_word' id='word_1_205' title='bbox 1729 2152 1917 2194; x_wconf 88' lang='lat' dir='ltr'><strong>mores</strong></span> <span class='ocrx_word' id='word_1_206' title='bbox 1947 2136 2068 2194; x_wconf 89' lang='lat' dir='ltr'><strong>eius</strong></span> <span class='ocrx_word' id='word_1_207' title='bbox 2099 2151 2268 2212; x_wconf 87' lang='lat' dir='ltr'><strong>quam</strong></span> 
     </span>
     <span class='ocr_line' id='line_1_25' title="bbox 289 2215 2267 2295; baseline 0.002 -21"><span class='ocrx_word' id='word_1_208' title='bbox 289 2233 353 2274; x_wconf 92' lang='lat' dir='ltr'><strong>os</strong></span> <span class='ocrx_word' id='word_1_209' title='bbox 388 2216 713 2293; x_wconf 88' lang='lat' dir='ltr'><strong>vultumque</strong></span> <span class='ocrx_word' id='word_1_210' title='bbox 745 2215 1027 2275; x_wconf 86' lang='lat' dir='ltr'><strong>referebat</strong></span> <span class='ocrx_word' id='word_1_211' title='bbox 1061 2225 1351 2294; x_wconf 88' lang='lat' dir='ltr'><strong>totumque</strong></span> <span class='ocrx_word' id='word_1_212' title='bbox 1380 2227 1593 2295; x_wconf 88' lang='lat' dir='ltr'><strong>patrem</strong></span> <span class='ocrx_word' id='word_1_213' title='bbox 1620 2219 1755 2277; x_wconf 89' lang='lat' dir='ltr'><strong>mira</strong></span> <span class='ocrx_word' id='word_1_214' title='bbox 1781 2217 2135 2277; x_wconf 89' lang='lat' dir='ltr'><strong>similitudine</strong></span> <span class='ocrx_word' id='word_1_215' title='bbox 2166 2236 2267 2277; x_wconf 84' lang='lat' dir='ltr'><strong>ex-</strong></span> 
     </span>
    </p>

    <p class='ocr_par' dir='ltr' id='par_1_9' title="bbox 207 2297 2354 2543">
     <span class='ocr_line' id='line_1_26' title="bbox 207 2297 2354 2377; baseline 0.002 -17"><span class='ocrx_word' id='word_1_216' title='bbox 207 2311 271 2362; x_wconf 90' lang='lat' dir='ltr'><strong>lo</strong></span> <span class='ocrx_word' id='word_1_217' title='bbox 290 2300 613 2374; x_wconf 86' lang='lat' dir='ltr'><strong>scripserat.</strong></span> <span class='ocrx_word' id='word_1_218' title='bbox 679 2297 918 2358; x_wconf 89' lang='lat' dir='ltr'><strong>Proinde</strong></span> <span class='ocrx_word' id='word_1_219' title='bbox 958 2301 1004 2360; x_wconf 87' lang='lat' dir='ltr'><strong>si</strong></span> <span class='ocrx_word' id='word_1_220' title='bbox 1035 2316 1171 2377; x_wconf 88' lang='lat' dir='ltr'><strong>quas</strong></span> <span class='ocrx_word' id='word_1_221' title='bbox 1204 2299 1274 2360; x_wconf 91' lang='lat' dir='ltr'><strong>ad</strong></span> <span class='ocrx_word' id='word_1_222' title='bbox 1302 2318 1430 2359; x_wconf 88' lang='lat' dir='ltr'><strong>eum</strong></span> <span class='ocrx_word' id='word_1_223' title='bbox 1459 2301 1529 2359; x_wconf 91' lang='lat' dir='ltr'><strong>de</strong></span> <span class='ocrx_word' id='word_1_224' title='bbox 1565 2300 1905 2361; x_wconf 85' lang='lat' dir='ltr'><strong>dolore&#39;tam</strong></span> <span class='ocrx_word' id='word_1_225' title='bbox 1926 2304 2074 2361; x_wconf 88' lang='lat' dir='ltr'><strong>iusto</strong></span> <span class='ocrx_word' id='word_1_226' title='bbox 2108 2300 2262 2360; x_wconf 89' lang='lat' dir='ltr'><strong>litte·</strong></span> <span class='ocrx_word' id='word_1_227' title='bbox 2281 2312 2354 2364; x_wconf 79' lang='lat'><strong>25</strong></span> 
     </span>
     <span class='ocr_line' id='line_1_27' title="bbox 289 2382 2266 2463; baseline 0.002 -23"><span class='ocrx_word' id='word_1_228' title='bbox 289 2399 379 2440; x_wconf 89' lang='lat' dir='ltr'><strong>ras</strong></span> <span class='ocrx_word' id='word_1_229' title='bbox 410 2383 634 2458; x_wconf 89' lang='lat' dir='ltr'><strong>mittes,</strong></span> <span class='ocrx_word' id='word_1_230' title='bbox 678 2392 958 2443; x_wconf 89' lang='lat' dir='ltr'><strong>memento</strong></span> <span class='ocrx_word' id='word_1_231' title='bbox 988 2382 1255 2443; x_wconf 89' lang='lat' dir='ltr'><strong>adhibere</strong></span> <span class='ocrx_word' id='word_1_232' title='bbox 1283 2382 1588 2460; x_wconf 87' lang='lat' dir='ltr'><strong>solacium,</strong></span> <span class='ocrx_word' id='word_1_233' title='bbox 1631 2402 1742 2444; x_wconf 87' lang='lat' dir='ltr'><strong>non</strong></span> <span class='ocrx_word' id='word_1_234' title='bbox 1768 2386 1925 2463; x_wconf 87' lang='lat' dir='ltr'><strong>quasi</strong></span> <span class='ocrx_word' id='word_1_235' title='bbox 1960 2386 2266 2462; x_wconf 77' lang='lat' dir='ltr'><strong>castigato·</strong></span> 
     </span>
     <span class='ocr_line' id='line_1_28' title="bbox 286 2465 2267 2543; baseline 0.002 -19"><span class='ocrx_word' id='word_1_236' title='bbox 286 2467 429 2524; x_wconf 86' lang='lat' dir='ltr'><strong>rium</strong></span> <span class='ocrx_word' id='word_1_237' title='bbox 458 2473 517 2524; x_wconf 92' lang='lat' dir='ltr'><strong>et</strong></span> <span class='ocrx_word' id='word_1_238' title='bbox 545 2466 704 2526; x_wconf 89' lang='lat' dir='ltr'><strong>nimis</strong></span> <span class='ocrx_word' id='word_1_239' title='bbox 735 2465 913 2543; x_wconf 76' lang='lat' dir='ltr'><strong>forte,</strong></span> <span class='ocrx_word' id='word_1_240' title='bbox 963 2465 1069 2529; x_wconf 87' lang='lat' dir='ltr'><strong>sed</strong></span> <span class='ocrx_word' id='word_1_241' title='bbox 1091 2466 1266 2525; x_wconf 91' lang='lat' dir='ltr'><strong>molle</strong></span> <span class='ocrx_word' id='word_1_242' title='bbox 1296 2477 1353 2527; x_wconf 91' lang='lat' dir='ltr'><strong>et</strong></span> <span class='ocrx_word' id='word_1_243' title='bbox 1380 2467 1692 2527; x_wconf 88' lang='lat' dir='ltr'><strong>humanum.</strong></span> <span class='ocrx_word' id='word_1_244' title='bbox 1754 2466 1920 2541; x_wconf 85' lang='lat' dir='ltr'><strong>Quod</strong></span> <span class='ocrx_word' id='word_1_245' title='bbox 1948 2477 2005 2527; x_wconf 91' lang='lat' dir='ltr'><strong>ut</strong></span> <span class='ocrx_word' id='word_1_246' title='bbox 2040 2468 2267 2528; x_wconf 83' lang='lat' dir='ltr'><strong>facilius</strong></span> 
     </span>
    </p>

    <p class='ocr_par' dir='ltr' id='par_1_10' title="bbox 204 2548 2354 2948">
     <span class='ocr_line' id='line_1_29' title="bbox 204 2548 2263 2630; baseline -0 -19"><span class='ocrx_word' id='word_1_247' title='bbox 204 2559 267 2611; x_wconf 88' lang='lat' dir='ltr'><strong>ll</strong></span> <span class='ocrx_word' id='word_1_248' title='bbox 288 2548 534 2608; x_wconf 90' lang='lat' dir='ltr'><strong>admittat</strong></span> <span class='ocrx_word' id='word_1_249' title='bbox 561 2548 790 2610; x_wconf 91' lang='lat' dir='ltr'><strong>multum</strong></span> <span class='ocrx_word' id='word_1_250' title='bbox 821 2550 989 2612; x_wconf 83' lang='lat' dir='ltr'><strong>faciet</strong></span> <span class='ocrx_word' id='word_1_251' title='bbox 1021 2551 1187 2611; x_wconf 89' lang='lat' dir='ltr'><strong>medii</strong></span> <span class='ocrx_word' id='word_1_252' title='bbox 1219 2553 1488 2629; x_wconf 86' lang='lat' dir='ltr'><strong>temporis</strong></span> <span class='ocrx_word' id='word_1_253' title='bbox 1521 2553 1775 2630; x_wconf 88' lang='lat' dir='ltr'><strong>spatium.</strong></span> <span class='ocrx_word' id='word_1_254' title='bbox 1840 2552 1914 2612; x_wconf 92' lang='lat' dir='ltr'><strong>Ut</strong></span> <span class='ocrx_word' id='word_1_255' title='bbox 1952 2553 2100 2612; x_wconf 90' lang='lat' dir='ltr'><strong>enim</strong></span> <span class='ocrx_word' id='word_1_256' title='bbox 2135 2571 2263 2611; x_wconf 90' lang='lat' dir='ltr'><strong>cru·</strong></span> 
     </span>
     <span class='ocr_line' id='line_1_30' title="bbox 285 2632 2262 2714; baseline 0.002 -23"><span class='ocrx_word' id='word_1_257' title='bbox 285 2632 412 2692; x_wconf 91' lang='lat' dir='ltr'><strong>dum</strong></span> <span class='ocrx_word' id='word_1_258' title='bbox 440 2632 619 2695; x_wconf 88' lang='lat' dir='ltr'><strong>adhuc</strong></span> <span class='ocrx_word' id='word_1_259' title='bbox 647 2634 847 2695; x_wconf 82' lang='lat' dir='ltr'><strong>vulnus</strong></span> <span class='ocrx_word' id='word_1_260' title='bbox 878 2636 1214 2696; x_wconf 90' lang='lat' dir='ltr'><strong>medentium</strong></span> <span class='ocrx_word' id='word_1_261' title='bbox 1241 2652 1433 2695; x_wconf 87' lang='lat' dir='ltr'><strong>manus</strong></span> <span class='ocrx_word' id='word_1_262' title='bbox 1472 2635 1827 2713; x_wconf 90' lang='lat' dir='ltr'><strong>reformidat,</strong></span> <span class='ocrx_word' id='word_1_263' title='bbox 1879 2635 2081 2695; x_wconf 89' lang='lat' dir='ltr'><strong>deinde</strong></span> <span class='ocrx_word' id='word_1_264' title='bbox 2116 2638 2262 2714; x_wconf 89' lang='lat' dir='ltr'><strong>pati-</strong></span> 
     </span>
     <span class='ocr_line' id='line_1_31' title="bbox 285 2717 2354 2799; baseline 0 -22"><span class='ocrx_word' id='word_1_265' title='bbox 285 2726 373 2777; x_wconf 90' lang='lat' dir='ltr'><strong>tur</strong></span> <span class='ocrx_word' id='word_1_266' title='bbox 398 2717 580 2798; x_wconf 89' lang='lat' dir='ltr'><strong>adque</strong></span> <span class='ocrx_word' id='word_1_267' title='bbox 610 2718 759 2779; x_wconf 91' lang='lat' dir='ltr'><strong>ultro</strong></span> <span class='ocrx_word' id='word_1_268' title='bbox 787 2720 1053 2799; x_wconf 87' lang='lat' dir='ltr'><strong>requirit,</strong></span> <span class='ocrx_word' id='word_1_269' title='bbox 1093 2720 1177 2779; x_wconf 90' lang='lat' dir='ltr'><strong>sic</strong></span> <span class='ocrx_word' id='word_1_270' title='bbox 1204 2736 1409 2778; x_wconf 88' lang='lat' dir='ltr'><strong>recens</strong></span> <span class='ocrx_word' id='word_1_271' title='bbox 1438 2721 1601 2778; x_wconf 90' lang='lat' dir='ltr'><strong>animi</strong></span> <span class='ocrx_word' id='word_1_272' title='bbox 1635 2719 1797 2779; x_wconf 89' lang='lat' dir='ltr'><strong>dolor</strong></span> <span class='ocrx_word' id='word_1_273' title='bbox 1839 2718 2354 2779; x_wconf 69' lang='lat' dir='ltr'><strong>consolationesao</strong></span> 
     </span>
     <span class='ocr_line' id='line_1_32' title="bbox 283 2800 2259 2883; baseline 0.002 -24"><span class='ocrx_word' id='word_1_274' title='bbox 283 2803 444 2862; x_wconf 89' lang='lat' dir='ltr'><strong>reicit</strong></span> <span class='ocrx_word' id='word_1_275' title='bbox 477 2822 545 2863; x_wconf 90' lang='lat' dir='ltr'><strong>ac</strong></span> <span class='ocrx_word' id='word_1_276' title='bbox 581 2800 822 2883; x_wconf 82' lang='lat' dir='ltr'><strong>refugit,</strong></span> <span class='ocrx_word' id='word_1_277' title='bbox 862 2822 992 2865; x_wconf 86' lang='lat' dir='ltr'><strong>mox</strong></span> <span class='ocrx_word' id='word_1_278' title='bbox 1022 2802 1304 2864; x_wconf 89' lang='lat' dir='ltr'><strong>desiderat</strong></span> <span class='ocrx_word' id='word_1_279' title='bbox 1333 2810 1390 2862; x_wconf 90' lang='lat' dir='ltr'><strong>et</strong></span> <span class='ocrx_word' id='word_1_280' title='bbox 1425 2801 1735 2863; x_wconf 90' lang='lat' dir='ltr'><strong>clementer</strong></span> <span class='ocrx_word' id='word_1_281' title='bbox 1767 2802 2001 2864; x_wconf 87' lang='lat' dir='ltr'><strong>admotis</strong></span> <span class='ocrx_word' id='word_1_282' title='bbox 2028 2802 2259 2881; x_wconf 90' lang='lat' dir='ltr'><strong>adquie-</strong></span> 
     </span>
     <span class='ocr_line' id='line_1_33' title="bbox 283 2886 629 2948; baseline 0.009 -5"><span class='ocrx_word' id='word_1_283' title='bbox 283 2886 406 2945; x_wconf 85' lang='lat' dir='ltr'><strong>scit.</strong></span> <span class='ocrx_word' id='word_1_284' title='bbox 469 2886 629 2948; x_wconf 87' lang='lat' dir='ltr'><strong>Vale.</strong></span> 
     </span>
    </p>
   </div>
   <div class='ocr_carea' id='block_1_3' title="bbox 782 3019 2347 3204">
    <p class='ocr_par' dir='ltr' id='par_1_11' title="bbox 782 3019 2347 3204">
     <span class='ocr_line' id='line_1_34' title="bbox 1162 3019 1341 3080; baseline -0.011 0"><span class='ocrx_word' id='word_1_285' title='bbox 1162 3019 1341 3080; x_wconf 88' lang='lat' dir='ltr'>XVII.</span> 
     </span>
     <span class='ocr_line' id='line_1_35' title="bbox 782 3116 2347 3204; baseline 0.003 -37"><span class='ocrx_word' id='word_1_286' title='bbox 782 3116 834 3167; x_wconf 86' lang='lat' dir='ltr'><strong>C.</strong></span> <span class='ocrx_word' id='word_1_287' title='bbox 871 3117 1119 3170; x_wconf 88' lang='lat' dir='ltr'>PLINIUS</span> <span class='ocrx_word' id='word_1_288' title='bbox 1154 3119 1511 3172; x_wconf 85' lang='lat' dir='ltr'><strong>SPURINNAE</strong></span> <span class='ocrx_word' id='word_1_289' title='bbox 1546 3119 1665 3172; x_wconf 89' lang='lat' dir='ltr'><strong>SUO</strong></span> <span class='ocrx_word' id='word_1_290' title='bbox 1701 3119 1752 3171; x_wconf 86' lang='lat' dir='ltr'><strong>S.</strong></span> <span class='ocrx_word' id='word_1_291' title='bbox 2272 3151 2347 3204; x_wconf 79' lang='lat'><strong>35</strong></span> 
     </span>
    </p>
   </div>
   <div class='ocr_carea' id='block_1_4' title="bbox 238 3202 2259 3465">
    <p class='ocr_par' dir='ltr' id='par_1_12' title="bbox 238 3202 2259 3465">
     <span class='ocr_line' id='line_1_36' title="bbox 238 3202 2259 3301; baseline 0 -19"><span class='ocrx_word' id='word_1_292' title='bbox 238 3230 267 3282; x_wconf 93' lang='lat'><strong>1</strong></span> <span class='ocrx_word' id='word_1_293' title='bbox 405 3218 537 3279; x_wconf 90' lang='lat' dir='ltr'><strong>Scio</strong></span> <span class='ocrx_word' id='word_1_294' title='bbox 569 3229 772 3298; x_wconf 87' lang='lat' dir='ltr'><strong>quanto</strong></span> <span class='ocrx_word' id='word_1_295' title='bbox 803 3239 980 3301; x_wconf 86' lang='lat' dir='ltr'><strong>opere</strong></span> <span class='ocrx_word' id='word_1_296' title='bbox 1010 3223 1170 3284; x_wconf 89' lang='lat' dir='ltr'><strong>bonis</strong></span> <span class='ocrx_word' id='word_1_297' title='bbox 1204 3224 1415 3285; x_wconf 86' lang='lat' dir='ltr'><strong>artibus</strong></span> <span class='ocrx_word' id='word_1_298' title='bbox 1444 3223 1669 3301; x_wconf 80' lang='lat' dir='ltr'><strong>faveas,</strong></span> <span class='ocrx_word' id='word_1_299' title='bbox 1703 3202 1964 3301; x_wconf 72' lang='lat' dir='ltr'><strong>quantum</strong></span> <span class='ocrx_word' id='word_1_300' title='bbox 1993 3221 2259 3300; x_wconf 85' lang='lat' dir='ltr'><strong>gaudium</strong></span> 
     </span>
     <span class='ocr_line' id='line_1_37' title="bbox 284 3300 2256 3385; baseline 0.003 -22"><span class='ocrx_word' id='word_1_301' title='bbox 284 3303 506 3382; x_wconf 87' lang='lat' dir='ltr'><strong>capias,</strong></span> <span class='ocrx_word' id='word_1_302' title='bbox 549 3305 597 3363; x_wconf 85' lang='lat' dir='ltr'><strong>si</strong></span> <span class='ocrx_word' id='word_1_303' title='bbox 639 3302 861 3365; x_wconf 84' lang='lat' dir='ltr'><strong>nobiles</strong></span> <span class='ocrx_word' id='word_1_304' title='bbox 905 3307 1139 3366; x_wconf 82' lang='lat' dir='ltr'><strong>iuvenes</strong></span> <span class='ocrx_word' id='word_1_305' title='bbox 1179 3300 1404 3383; x_wconf 80' lang='lat' dir='ltr'><strong>dign&#39;um</strong></span> <span class='ocrx_word' id='word_1_306' title='bbox 1447 3306 1655 3385; x_wconf 87' lang='lat' dir='ltr'><strong>aliquid</strong></span> <span class='ocrx_word' id='word_1_307' title='bbox 1693 3306 1996 3366; x_wconf 88' lang='lat' dir='ltr'><strong>maioribus</strong></span> <span class='ocrx_word' id='word_1_308' title='bbox 2024 3308 2144 3366; x_wconf 90' lang='lat' dir='ltr'><strong>suis</strong></span> <span class='ocrx_word' id='word_1_309' title='bbox 2172 3307 2256 3368; x_wconf 87' lang='lat' dir='ltr'><strong>fa-</strong></span> 
     </span>
     <span class='ocr_line' id='line_1_38' title="bbox 282 3386 2256 3465; baseline 0.001 -17"><span class='ocrx_word' id='word_1_310' title='bbox 282 3389 456 3448; x_wconf 88' lang='lat' dir='ltr'><strong>ciant:</strong></span> <span class='ocrx_word' id='word_1_311' title='bbox 498 3403 610 3465; x_wconf 89' lang='lat' dir='ltr'><strong>quo</strong></span> <span class='ocrx_word' id='word_1_312' title='bbox 644 3386 992 3448; x_wconf 85' lang='lat' dir='ltr'><strong>festinantius</strong></span> <span class='ocrx_word' id='word_1_313' title='bbox 1017 3390 1207 3449; x_wconf 87' lang='lat' dir='ltr'><strong>nuntio</strong></span> <span class='ocrx_word' id='word_1_314' title='bbox 1234 3390 1335 3450; x_wconf 90' lang='lat' dir='ltr'><strong>tibi</strong></span> <span class='ocrx_word' id='word_1_315' title='bbox 1368 3389 1547 3451; x_wconf 79' lang='lat' dir='ltr'><strong>fuisse</strong></span> <span class='ocrx_word' id='word_1_316' title='bbox 1575 3408 1666 3452; x_wconf 91' lang='lat' dir='ltr'><strong>me</strong></span> <span class='ocrx_word' id='word_1_317' title='bbox 1694 3389 1861 3450; x_wconf 88' lang='lat' dir='ltr'><strong>bodie</strong></span> <span class='ocrx_word' id='word_1_318' title='bbox 1890 3390 1948 3448; x_wconf 93' lang='lat' dir='ltr'><strong>in</strong></span> <span class='ocrx_word' id='word_1_319' title='bbox 1975 3390 2256 3451; x_wconf 90' lang='lat' dir='ltr'><strong>auditorio</strong></span> 
     </span>
    </p>
   </div>
   <div class='ocr_carea' id='block_1_5' title="bbox 91 3736 366 3806">
    <p class='ocr_par' dir='ltr' id='par_1_13' title="bbox 91 3736 366 3806">
     <span class='ocr_line' id='line_1_39' title="bbox 91 3736 366 3806; baseline 0 0"><span class='ocrx_word' id='word_1_320' title='bbox 91 3736 366 3806; x_wconf 68' lang='grc' dir='ltr'><strong>Δ</strong></span> 
     </span>
    </p>
   </div>
  </div>
 </body>
</html>
