2467 3850
319 206 444 271 254
1191 209 1258 271 C.
1296 207 1487 271 PLlNl

316 369 633 438 conspectu
661 358 942 422 Romanae
983 359 1197 422 sobolis
1224 362 1463 441 inpleri,
1510 379 1705 423 omnes
1746 372 1929 424 tamen
1968 373 2097 423 ante
2127 381 2293 442 quam

314 454 372 506 te
403 444 659 505 viderent
692 444 977 506 adirentve
1007 448 1186 524 recipi
1214 446 1382 506 incidi
1410 448 1655 525 iussisti,
1708 457 1769 507 ut
1807 450 1914 507 iam
1953 448 2080 507 inde
2109 450 2177 507 ab
2209 451 2293 508 in·

312 528 481 588 santia
530 538 819 606 parentem
868 528 1154 607 publicum
1197 548 1426 590 munere
1479 530 1826 591 educationis
1880 534 2291 608 experirentur,

313 622 641 673 crescerent
672 613 742 672 de
771 622 869 673 tuo
901 615 995 691 qui
1027 623 1355 674 crescerent
1382 615 1513 692 tibi,
1544 613 1931 693 alimentisque
1959 618 2068 675 tuis
2099 614 2168 674 ad
2191 618 2294 675 sti-

313 696 515 774 pendia
538 705 630 755 tua
656 700 1051 775 pervenirent,
1083 707 1404 776 tantumque
1436 717 1630 759 omnes
1660 700 1752 758 uni
1784 701 1883 759 tibi
1911 710 2170 777 quantum
2192 701 2347 777 ρει-5

311 781 559 841 rentibus
590 779 707 840 suis
739 782 976 859 quisque
1011 781 1265 843 deberet.
1304 782 1507 860 Recte,
1540 779 1771 859 Caesar,
1808 782 1955 861 quod
1982 797 2147 861 spem
2175 782 2292 842 Ro-

311 867 455 924 mani
483 865 720 924 nominis
751 865 1062 943 sumptibus
1092 867 1202 927 tuis
1231 869 1493 945 suscipis.
1538 865 1764 926 Nullum
1794 876 1884 927 est
1912 869 2058 927 enim
2085 883 2293 943 magno

311 950 569 1027 principe
623 948 1180 1027 inmortalitatemque
1231 952 1495 1010 meriture
1546 951 1791 1028 inpendii
1839 968 2018 1028 genus
2068 950 2294 1027 dignius

312 1050 475 1111 quam
504 1032 653 1110 quod
682 1043 946 1110 erogatur
973 1034 1027 1091 in
1050 1043 1335 1111 posteros.
1375 1033 1718 1112 Locupletes
1740 1033 1809 1093 ad
1836 1033 2294 1095 tollendoslibe·

309 1134 406 1176 ros
436 1118 683 1193 ingentia
711 1120 956 1195 praemia
987 1125 1045 1176 et
1074 1133 1240 1193 pares
1264 1135 1483 1196 poenae
1512 1118 1895 1186 adhortantur;
1946 1118 2293 1197 pauperibus
2314 1123 2387 1175 lo

312 1200 583 1261 educandi
612 1219 718 1260 una
749 1203 889 1261 ratio
919 1211 1008 1261 est
1036 1201 1217 1261 bonus
1245 1205 1532 1280 princeps.
1575 1201 1680 1262 Hic
1715 1201 1912 1263 iiducia
1945 1203 2031 1260 sui
2055 1217 2295 1280 procre-

312 1293 434 1344 atos
478 1286 582 1343 nisi
614 1283 768 1360 larga
793 1302 956 1345 manu
984 1284 1171 1362 fovet,
1223 1295 1424 1363 auget,
1469 1285 1853 1365 amplectitur,
1897 1303 2164 1346 occasum
2190 1287 2294 1366 im-

311 1370 490 1448 perii,
522 1385 788 1428 occasum
815 1371 898 1428 rei
930 1368 1190 1447 publicae
1219 1369 1505 1431 adcelerat
1527 1369 1845 1447 frustraque
1869 1387 2143 1447 proceres
2169 1368 2292 1448 ple·

314 1453 388 1512 be
416 1450 714 1529 neglecta,
756 1460 816 1511 ut
856 1453 1140 1513 defectum
1177 1469 1420 1531 corpore
1450 1463 1617 1531 caput
1655 1463 2079 1531 nutaturumque
2119 1456 2294 1513 insta-

315 1535 412 1595 bili
452 1535 738 1614 pondere,
792 1544 996 1597 tuetur.
1061 1536 1255 1597 Facile
1290 1546 1379 1597 est
1416 1539 1735 1598 coniectare
1768 1538 1917 1615 quod
1951 1537 2291 1615 perceperis
2312 1544 2387 1596 15

315 1619 607 1697 gaudium,
650 1637 776 1679 cum
802 1630 861 1681 te
889 1632 1178 1700 parentum
1207 1621 1513 1681 liberorum
1541 1640 1736 1682 senum
1765 1622 2048 1681 infantium
2079 1637 2292 1698 puero-

310 1721 431 1763 rum
460 1704 670 1763 clamor
696 1706 1012 1782 exciperet.
1052 1705 1210 1766 Haec
1240 1706 1415 1784 prima
1442 1704 1796 1783 parvulorum
1825 1707 2027 1765 civium
2054 1721 2168 1763 vox
2193 1721 2292 1763 au-

310 1805 406 1848 res
429 1797 552 1848 tuas
580 1789 777 1866 inbuit,
808 1789 1007 1866 quibus
1032 1799 1090 1849 tu
1115 1789 1342 1849 daturus
1370 1788 1644 1864 alimenta,
1678 1789 1787 1848 hoc
1807 1791 2099 1849 maximum
2125 1805 2292 1865 prae·

312 1873 500 1934 stitisti
537 1891 609 1933 ne
648 1883 931 1950 rogarent.
1001 1874 1187 1951 Super
1226 1876 1406 1934 omnia
1441 1882 1530 1934 est
1574 1881 1758 1934 tamen
1799 1873 1948 1951 quod
1975 1871 2100 1933 talis
2132 1890 2196 1932 es
2230 1879 2294 1930 ut

211 1969 292 2034 27
316 1957 419 2020 sub
447 1966 506 2016 te
539 1957 749 2018 liberos
791 1958 997 2018 tollere
1027 1957 1197 2018 libeat
1227 1958 1510 2035 expediat.
1592 1956 1772 2017 Nemo
1799 1961 1905 2017 iam
1939 1974 2140 2035 parens
2170 1955 2290 2014 filio
2309 1966 2394 2019 20

313 2043 420 2100 nisi
470 2041 785 2118 fragilitatis
835 2042 1104 2103 humanae
1150 2044 1312 2102 vices
1364 2043 1590 2118 horret,
1654 2059 1764 2100 nec
1818 2043 1964 2103 inter
2011 2039 2290 2100 insanabi-

310 2124 398 2184 les
429 2125 657 2185 morbos
688 2126 958 2205 principis
988 2129 1067 2185 ira
1094 2135 1426 2185 numeratur.
1490 2124 1747 2202 Mag-num
1777 2124 2000 2204 quidem
2029 2134 2117 2184 est
2149 2122 2291 2182 edu-

313 2207 474 2266 candi
509 2210 916 2270 incitamentum
959 2209 1163 2269 tollere
1209 2209 1424 2270 liberos
1462 2212 1517 2269 in
1557 2227 1715 2287 spem
1759 2209 2178 2284 alimentorum,
2231 2208 2293 2265 in

313 2307 474 2367 spem
506 2294 939 2368 congiariorum;
970 2296 1142 2353 maius
1175 2303 1393 2370 tamen,
1426 2296 1481 2353 in
1512 2310 1675 2370 spem
1703 2292 2009 2369 libertatis,
2040 2294 2096 2351 in
2124 2308 2293 2369 spem

313 2375 649 2434 securitatis.
691 2375 880 2455 Atque
910 2377 1052 2436 adeo
1080 2377 1214 2436 nihil
1244 2377 1509 2455 largiatur
1532 2378 1833 2455 princeps,
1866 2377 1993 2436 dum
2022 2375 2160 2434 nihil
2192 2393 2294 2434 au·
2307 2388 2389 2440 25

313 2457 485 2526 ferat;
524 2474 634 2516 non
663 2457 804 2536 alat,
850 2460 977 2519 dum
1005 2478 1114 2521 non
1144 2463 1395 2522 occidat:
1437 2478 1546 2521 nec
1576 2461 1813 2521 deerunt
1839 2462 1932 2539 qui
1974 2459 2119 2519 filios
2153 2476 2293 2518 con-

315 2543 624 2617 cupiscant.
681 2540 885 2603 Contra
913 2543 1177 2621 largiatur
1202 2555 1262 2604 et
1290 2546 1540 2621 auferat,
1567 2544 1676 2605 alat
1706 2554 1763 2605 et
1793 2545 2044 2604 occidat:
2085 2562 2158 2602 ne
2187 2541 2293 2602 ille

313 2628 475 2685 etiam
504 2627 663 2685 brevi
694 2637 947 2704 tempore
978 2628 1234 2688 effecerit
1264 2637 1324 2687 ut
1356 2647 1551 2690 omnes
1578 2647 1689 2688 non
1734 2638 2093 2707 posterorum
2118 2626 2293 2685 modo

309 2709 413 2769 sed
442 2713 528 2771 sui
550 2720 949 2790 parentumque
973 2714 1274 2791 paeniteat.
1319 2711 1598 2786 Quocirca
1619 2713 1755 2772 nihil
1777 2714 1952 2789 magis
1977 2713 2030 2770 in
2056 2721 2150 2770 tua
2170 2719 2293 2770 tota

312 2793 645 2856 liberalitate
675 2795 1011 2856 laudaverim
1040 2814 1201 2874 quam
1232 2797 1382 2874 quod
1413 2798 1756 2874 congiarium
1787 2795 1884 2856 das
1917 2794 1988 2855 de
2016 2804 2114 2854 tuo
2134 2840 2151 2871 ,
2183 2792 2389 2863 ali-30

310 2889 495 2938 menta
524 2879 595 2938 de
623 2889 753 2957 tue,
784 2897 969 2958 neque
995 2899 1029 2940 a
1055 2891 1113 2940 te
1140 2878 1304 2940 liberi
1328 2882 1558 2956 civium,
1592 2890 1652 2940 ut
1675 2879 1912 2939 ferarum
1941 2878 2132 2955 catuli,
2164 2895 2294 2938 san-

313 2962 481 3035 guine
522 2973 579 3023 et
620 2964 885 3024 caedibus
928 2964 1263 3033 nutriuntur;
1313 2965 1575 3043 quodque
1618 2966 1989 3041 gratissimum
2021 2972 2110 3022 est
2139 2965 2294 3021 acci-

313 3044 626 3123 pientibus,
666 3048 850 3108 sciunt
877 3047 993 3108 dari
1021 3049 1129 3108 sibi
1158 3049 1312 3126 quod
1339 3049 1542 3108 nemini
1572 3058 1662 3109 est
1695 3057 1987 3124 ereptum,
2030 3044 2296 3123 locuple·-

313 3127 555 3202 tatisque
576 3137 685 3187 tam
705 3131 892 3192 multis
914 3133 1309 3212 pauperiorem
1329 3150 1462 3193 esse
1484 3132 1693 3192 factum
1713 3133 2025 3209 principem
2046 3139 2291 3198 tantum;

316 3224 644 3287 quamquam
668 3231 742 3273 ne
770 3215 917 3274 hunc
946 3215 1186 3294 quidem.
1229 3215 1371 3276 Nam
1402 3217 1561 3276 cuius
1582 3226 1673 3276 est
1703 3213 1973 3292 quidquid
1994 3223 2084 3274 est
2111 3216 2292 3273 omni·
2309 3221 2389 3275 35

215 3314 297 3377 23
317 3307 447 3365 um,
489 3298 697 3352 tantum
736 3298 860 3374 ipse
900 3307 1160 3377 quantum
1206 3315 1401 3359 omnes
1431 3299 1619 3360 habet.
1702 3297 1834 3358 Alio
1871 3317 1962 3358 me
1989 3307 2159 3358 vocat
2187 3317 2290 3357 nu-

318 3388 543 3434 merosa
569 3373 747 3449 gloria
775 3388 895 3439 tua:
923 3381 1034 3457 alio
1066 3379 1295 3442 autem?
1323 3384 1483 3460 quasi
1512 3399 1652 3443 vero
1682 3382 1790 3441 iam
1819 3384 1953 3444 satis
1982 3391 2293 3445 veneratus

319 3459 659 3534 miratusque
681 3461 784 3518 sim
809 3463 958 3538 quod
980 3474 1184 3525 tantam
1206 3468 1499 3541 pecuniam
1521 3467 1842 3546 profudisti,
1865 3484 1978 3527 non
2003 3477 2065 3527 ut
2091 3465 2291 3545 flagitii
