2467 3850
365 172 490 237 224
954 171 1020 234 G.
1063 171 1258 234 PLINI
1297 171 1396 234 ET
1440 172 1751 235 TRAIANI

362 336 448 386 rat
463 371 481 401 ,
513 324 842 403 confugisse
870 324 940 386 ad
975 335 1125 385 tuam
1152 335 1389 387 statuam
1417 327 1865 406 perductumque
1894 328 1965 387 ad
1990 329 2350 404 magistratus

361 409 643 470 iudicasse
669 412 920 471 servisse
947 409 1244 489 aliquando
1273 410 1512 473 Laberio
1539 410 1782 472 Maximo
1814 418 2147 490 captumque
2181 430 2215 470 a
2243 413 2349 471 Su-

363 511 505 570 sago
543 494 601 552 iu
639 491 856 556 Moesia
898 502 957 554 et
999 512 1031 554 a
1068 493 1365 555 Decebalo
1404 497 1619 556 muneri
1663 498 1894 555 missum
1925 494 2171 571 Pacor0,
2218 495 2350 555 Par·

361 577 513 637 thiae
542 579 687 654 regi,
717 577 1088 656 pluribusque
1117 581 1275 640 annis
1309 581 1364 638 in
1394 582 1703 641 ministerio
1735 581 1858 639 eius
1888 579 2100 657 fuisse,
2145 579 2350 641 deinde

318 660 587 737 afugisse
619 670 786 739 atque
813 663 891 720 ita
930 663 988 721 in
1027 661 1415 725 Nicomediam
1454 664 1807 741 pervenisse.
1865 662 2046 736 Quem
2075 681 2188 740 ego
2219 674 2390 741 per-5

365 745 594 804 ductum
634 744 705 804 ad
741 764 867 821 me,
923 764 1048 806 cum
1089 746 1288 807 eadem
1325 756 1644 824 narrasset,
1701 747 2028 807 mittendum
2056 748 2125 807 ad
2158 758 2217 808 te
2249 766 2349 826 pu-

369 830 510 897 tavi;
547 828 699 906 quod
735 829 904 908 paulo
943 829 1153 890 tardius
1197 830 1343 906 feci,
1399 830 1528 890 dum
1564 833 1793 909 requiro
1833 849 2141 909 gemmam,
2186 849 2350 909 quam
2463 834 2464 861 ³

373 912 480 974 sibi
508 911 808 975 habentem
834 915 1130 990 imag-inem
1172 914 1371 975 Pacori
1410 924 1469 974 et
1498 915 1699 992 quibus
1733 924 1959 977 ornatus
1988 915 2193 976 fuisset
2219 915 2349 976 sub·

324 1006 598 1062 3tractam
631 994 928 1058 indicabat.
994 996 1161 1057 Volui
1201 1000 1348 1058 enim
1386 997 1536 1056 hanc·
1572 1016 1834 1076 quoque,
1881 1000 1929 1058 si
1968 1000 2202 1058 inveniri
2243 1017 2346 1077 po-

364 1083 600 1157 tuisset,
637 1080 798 1141 simul
834 1083 1089 1159 mittere,
1133 1082 1282 1141 sicut
1322 1081 1611 1159 glebulam
1651 1084 1775 1142 misi
1811 1099 1973 1159 quam
2013 1101 2078 1142 se
2118 1100 2193 1142 ex
2221 1082 2421 1144 Par-10
2462 1130 2464 1141 Α

362 1165 514 1224 thico
545 1164 774 1225 metallo
814 1163 1068 1226 attulisse
1102 1165 1342 1226 dicebat.
1405 1164 1634 1243 Signata
1666 1175 1757 1225 est
1784 1164 1948 1224 anulo
1978 1183 2143 1243 meo,
2189 1167 2348 1225 cuius
2459 1144 2464 1187 ⁴

364 1260 452 1310 est
484 1248 944 1326 aposphragisma
970 1248 1256 1327 quadriga.

1037 1381 1256 1443 LXXV.
1302 1379 1671 1460 [LXXVHIL]

794 1480 846 1531 c.
882 1481 1128 1532 Pmes
1163 1483 1451 1533 'raAlANo
1487 1481 1893 1535 IMPERATORI.
2249 1476 2252 1481 ’
2364 1505 2419 1555 15

321 1599 345 1649 1
488 1580 683 1659 Iulius,
714 1583 966 1659 domine,
996 1581 1210 1660 Largus
1247 1603 1320 1644 ex
1346 1583 1524 1645 Ponto
1560 1584 1803 1644 nondum
1829 1582 1960 1642 mihi
1994 1583 2150 1642 visus
2180 1600 2250 1641 ac
2276 1601 2347 1642 ne

363 1667 578 1726 auditus
608 1666 833 1745 quidem
869 1667 1125 1744 (scilicet
1164 1666 1371 1728 iudicio
1414 1679 1513 1729 tuo
1559 1667 1827 1745 credidit)
1874 1666 2349 1744 dispensationem

365 1750 635 1829 quandam
673 1751 804 1810 mihi
844 1769 982 1828 erga
1018 1760 1074 1810 te
1116 1753 1340 1829 pietatis
1378 1771 1512 1812 suae
1544 1753 2023 1828 ministeriumque
2053 1749 2344 1809 mandavit.

312 1834 604 1912 2Rogavit
645 1838 791 1895 enim
831 1844 1262 1894 testamentout
1300 1835 1670 1896 hereditatem
1707 1853 1867 1895 suam
1903 1834 2116 1894 adirem
2147 1838 2345 1893 cerne-

361 1938 595 1999 remque
631 1938 698 1979 ac
752 1917 954 1979 deinde
1001 1921 1327 1997 praeceptis
1370 1922 1769 2000 quinquaginta
1808 1918 2030 1979 milibus
2070 1935 2347 1976 nummum
2361 1930 2420 1982 20

361 1999 638 2083 reliquum
679 2021 840 2063 omne
882 2002 1344 2064 Heracleotarum
1373 2015 1432 2064 et
1470 2004 1765 2064 Tianorum
1798 2003 2114 2062 civitatibus
2143 2001 2343 2061 redde-

361 2106 502 2165 rem,
538 2091 612 2146 ita
634 2097 692 2146 ut
723 2096 880 2148 esset
909 2087 1118 2147 arbitrii
1149 2090 1259 2147 mei
1283 2098 1464 2148 utrum
1494 2106 1671 2167 opera
1699 2085 1955 2148 facienda
1978 2103 2124 2164 quae
2145 2084 2344 2145 honori

362 2181 459 2230 tuo
516 2180 987 2231 consecrarentur
1036 2181 1308 2250 putarem.
1352 2191 1421 2232 an
1473 2172 1845 2233 instituendos
1898 2168 2344 2249 quinquennales

361 2271 572 2329 agonas
603 2257 697 2332 qui
727 2254 942 2314 Traiani
970 2255 1410 2333 appellarentur.
1486 2255 1658 2329 Quod*
1680 2259 1734 2315 in
1761 2256 2009 2316 notitiam
2037 2263 2185 2312 tuam
2214 2271 2344 2331 per-

360 2337 651 2397 ferendum
695 2339 1003 2398 existimavi
1035 2340 1109 2399 ob
1152 2340 1264 2400 hoc
1305 2343 1578 2418 maxime,
1621 2351 1680 2401 ut
1720 2340 2033 2419 dispiceres
2071 2336 2204 2415 quid
2244 2336 2419 2402 eli-25

360 2436 499 2497 gere
533 2420 786 2481 debeam.

1074 2558 1319 2620 Lxxvl.
1368 2557 1632 2635 [Lxxx.]

1019 2656 1342 2709 TRAIANUS
1378 2656 1587 2708 PLINIO
1624 2656 1675 2710 S.

480 2759 653 2819 Iulius
694 2758 905 2835 Largus
947 2758 1112 2819 fidem
1154 2769 1337 2836 tuam,
1380 2762 1539 2837 quasi
1576 2769 1633 2819 te
1674 2759 1822 2819 bene
1864 2767 2092 2834 nosset,
2143 2758 2416 2834 elegit.30

363 2842 510 2916 Quid
540 2861 679 2920 ergo
720 2844 1068 2921 potissimum
1099 2843 1166 2903 ad
1209 2846 1645 2922 perpetuitatem
1671 2843 1979 2914 memoriae
2007 2844 2131 2902 eius
2171 2842 2340 2901 faciat

362 2926 668 2986 secundum
700 2929 971 3003 cuiusque
1001 2925 1114 2986 loci
1147 2927 1525 2987 conditionem
1549 2929 1676 3004 ipse
1704 2925 1945 3005 dispice,
1973 2935 2036 2986 et
2064 2926 2215 3004 quod
2241 2943 2340 3003 po-

359 3012 630 3069 tissimum
659 3012 1086 3086 existimaveris,
1124 3011 1179 3070 id
1206 3029 1473 3089 sequere.

1040 3142 1315 3204 Lxxvn.
1359 3141 1650 3221 [lxxxi]
1899 3097 1904 3101 ’
2354 3185 2415 3237 35

796 3241 847 3292 C.
887 3241 1136 3293 PLINIUS
1170 3243 1455 3294 TRAIANO
1488 3242 1903 3293 IMPERATORI.

312 3355 341 3404 1
485 3339 977 3403 Providentissime
995 3389 1013 3419 ‚
1043 3343 1300 3421 domine,
1337 3346 1526 3407 fecisti
1555 3342 1705 3423 quod
1725 3344 2071 3422 praecepisti
2101 3341 2334 3423 Calpur-

360 3426 454 3483 nio
486 3421 700 3504 Macro,
735 3425 1044 3487 clarissimo
1071 3429 1216 3504 vire,
1248 3437 1308 3488 ut
1329 3428 1695 3505 legionarium
1720 3430 2102 3489 centurionem
2126 3427 2337 3503 Byzan-
