2467 3850
678 162 1199 227 PANEGYRICUS
1237 176 1325 229 20.
1348 175 1437 228 21.
1458 176 1543 229 22.
1568 176 1657 229 23.
2042 166 2165 232 251

187 317 340 379 mus!
395 316 617 380 Nomen
646 316 817 395 illud,
853 318 1006 396 quod
1031 316 1126 380 alii
1150 319 1333 396 primo
1361 319 1546 380 statim
1569 319 1913 399 principatus
1944 318 2037 381 die
2054 367 2072 398 ,
2102 331 2165 383 ut

186 403 538 480 imperatoris
580 411 637 462 et
670 399 962 477 Caesaris,
1016 412 1389 480 receperunt,
1438 411 1499 461 tu
1542 421 1722 480 usque
1763 421 1836 464 eo
1879 403 2163 483 distulisti,

187 485 372 546 donec
400 495 460 545 tu
485 503 712 565 quoque
726 530 745 562 ,
778 485 1178 546 beneficiorum
1201 496 1421 552 tuorum
1444 487 1802 566 parcissimus
1824 490 2164 567 aestimator,

187 570 295 629 iam
322 579 381 631 te
408 572 612 630 mereri
640 569 920 630 fatereris.
960 569 1155 648 Itaque
1184 569 1298 631 soli
1323 571 1565 630 omnium
1593 573 1826 649 contigit
1855 571 1955 631 tibi
1986 582 2046 633 ut
2068 591 2165 652 pa-

137 662 170 713 5
189 661 281 713 ter
313 655 523 730 patriae
551 672 715 714 esses
744 662 872 713 ante
904 671 1066 731 quam
1093 655 1281 714 fieres.
1320 653 1462 714 Eras
1493 656 1640 714 enim
1669 656 1723 715 in
1747 657 1938 716 animis
1957 702 1974 733 ,
2005 658 2060 716 in
2080 659 2163 716 iu-

191 737 352 798 diciis
399 739 641 814 nostris,
693 755 803 796 nec
842 738 1109 815 publicae
1146 739 1371 816 pietatis
1411 740 1678 797 intererat
1705 739 1839 816 quid
1866 756 2162 817 vocarere,

186 822 297 881 nisi
331 821 481 899 quod
508 823 718 899 ingrata
750 820 857 880 sibi
884 820 1207 899 videbatur,
1261 823 1308 882 si
1334 832 1393 882 te
1421 823 1815 899 imperatorem
1846 826 2034 900 potius
2064 841 2165 883 vo·

190 912 347 964 caret
369 914 427 964 et
459 901 790 982 Caesarem,
824 922 948 964 cum
972 914 1186 984 patrem
1214 907 1584 983 experiretur.
1627 905 1793 979 Quod
1820 907 2043 985 quidem
2067 925 2165 967 no·

186 1006 317 1047 men
347 1005 454 1066 qua
489 987 863 1066 benignitate,
894 1006 1002 1067 qua
1031 987 1375 1066 indulgentia
1401 988 1672 1051 exerces!
1701 1000 1761 1050 ut
1791 1008 1918 1050 cum
1949 992 2166 1051 civibus

105 1078 173 1130 10
188 1071 302 1131 tuis
345 1073 501 1150 quasi
544 1089 667 1133 cum
709 1072 906 1133 liberis
944 1089 1147 1150 parens
1197 1071 1368 1133 vivis!
1419 1081 1480 1132 ut
1530 1090 1796 1135 reversus
1839 1076 2163 1154 imperator,

186 1157 284 1233 qui
311 1157 557 1234 privatus
586 1158 808 1216 exieras
827 1201 845 1233 ,
874 1158 1171 1233 agnoscis,
1200 1155 1561 1233 agnosceris!
1589 1155 1840 1218 Eosdem
1859 1175 1963 1219 nos
1981 1204 1998 1235 ,
2030 1177 2166 1218 eun·

186 1238 318 1298 dem
345 1248 403 1298 te
431 1249 629 1318 putas,
657 1256 757 1318 par
784 1239 1038 1301 omnibus
1056 1285 1074 1318 ,
1108 1250 1169 1301 et
1193 1240 1307 1300 hoc
1338 1250 1543 1300 tantum
1576 1244 1783 1302 ceteris
1811 1244 1984 1302 maior
2013 1241 2164 1320 quod

188 1321 408 1382 melior.
492 1323 582 1383 Ac
625 1326 888 1402 primum,
930 1325 1027 1403 qui
1066 1324 1187 1385 dies
1222 1324 1321 1384 ille
1362 1342 1474 1402 quo
1509 1335 1843 1404 expectatus
1878 1325 2161 1386 desidera-
2182 1314 2264 1378 22

187 1414 395 1484 tusque
431 1407 628 1467 urbem
656 1417 805 1468 tuam
833 1408 1128 1484 ingressus
1170 1407 1266 1468 es!
1329 1407 1442 1467 Iam
1480 1408 1592 1469 hoc
1633 1411 1848 1488 ipsum,
1903 1409 2054 1488 quod
2083 1412 2163 1469 in·

102 1490 172 1544 15
187 1506 422 1565 gressus
451 1508 546 1567 es,
581 1508 744 1568 quam
768 1493 964 1549 mirum
987 1489 1336 1569 laetumque!
1376 1489 1516 1551 Nam
1540 1495 1759 1570 priores
1787 1494 1976 1553 invehi
2005 1503 2063 1553 et
2084 1495 2165 1553 in-

184 1576 393 1650 portari
416 1573 704 1649 solebant,
729 1592 840 1633 non
864 1574 990 1633 dico
1013 1574 1343 1652 quadriiugo
1370 1593 1531 1634 curru
1558 1585 1616 1635 et
1637 1574 1952 1637 albentibus
1977 1579 2164 1656 equis,

187 1656 294 1717 sed
322 1660 528 1718 umeris
563 1657 866 1733 hominum,
899 1656 1050 1735 quod
1082 1656 1441 1734 adrogantius
1471 1668 1607 1718 erat.
1649 1658 1731 1718 Tu
1760 1660 1882 1720 sola
1907 1663 2164 1739 corporis

186 1743 529 1818 proceritate
569 1739 772 1801 elatior
801 1740 925 1801 aliis
960 1748 1018 1800 et
1045 1740 1363 1818 excelsior,
1414 1758 1524 1800 non
1566 1742 1636 1801 de
1675 1745 1939 1821 patientia
1975 1745 2179 1804 nostra‘

188 1824 463 1902 quendam
491 1823 857 1903 triumphum,
900 1823 1004 1884 sed
1029 1824 1099 1883 de
1123 1825 1387 1902 superbia
1420 1827 1733 1902 principum
1763 1827 1951 1901 egisti.
2007 1825 2164 1904 Ergo

93 1918 299 1974 mnon
328 1918 481 1969 aetas
515 1926 879 1987 quemquam,
921 1926 1033 1968 non
1061 1907 1355 1986 valetudo,
1389 1927 1501 1969 non
1524 1928 1693 1970 sexus
1724 1909 2023 1971 retardavit
2052 1929 2164 1988 quo

185 1994 366 2050 minus
398 1990 599 2052 oculos
628 1991 855 2052 insolito
878 1993 1207 2069 spectaculo
1235 1992 1499 2071 inpleret.
1543 1992 1624 2053 Te
1653 1992 1868 2071 parvuli
1897 2010 2161 2069 noscere,

186 2083 475 2136 ostentare
512 2077 782 2153 iuvenes,
831 2077 1013 2135 mirari
1056 2095 1256 2144 senes;
1305 2079 1463 2153 aegri
1493 2095 1719 2156 quoque
1752 2075 2021 2153 neglecto
2048 2095 2165 2137 me-

187 2159 434 2218 dentium
469 2159 706 2238 imperio
748 2158 817 2218 ad
853 2169 1221 2236 conspectum
1248 2163 1361 2237 tui,
1416 2164 1573 2237 quasi
1601 2161 1671 2221 ad
1701 2159 1937 2222 salutem
1966 2163 2164 2222 sanita-

188 2251 415 2320 temque
443 2259 774 2321 prorepere.
842 2242 978 2303 lnde
1007 2242 1098 2304 alii
1125 2263 1190 2304 se
1219 2246 1353 2303 satis
1382 2246 1592 2306 vixisse
1623 2254 1679 2305 te
1705 2246 1861 2322 viso,
1917 2253 1973 2304 te
2001 2263 2163 2305 rece-

96 2337 172 2390 25
189 2336 325 2403 pto,
382 2325 475 2386 alii
514 2345 662 2388 nunc
703 2330 880 2405 magis
916 2347 1048 2388 esse
1092 2328 1390 2389 vivendum
1421 2328 1833 2406 praedicabant.
1906 2327 2164 2391 Feminas

190 2411 355 2468 etiam
382 2419 515 2472 tunc
549 2411 903 2474 fecunditatis
935 2430 1070 2473 suae
1096 2415 1328 2473 maxima
1354 2412 1616 2491 voluptas
1648 2414 1848 2490 subiit,
1883 2431 2008 2473 cum
2040 2431 2163 2473 cer-

186 2503 389 2554 nerent
428 2496 518 2554 cui
558 2495 797 2575 principi
828 2499 1016 2571 cives,
1066 2500 1157 2557 cui
1183 2499 1507 2575 imperatori
1546 2497 1752 2557 milites
1782 2499 2162 2575 peperissent.

185 2576 425 2638 Videres
452 2577 663 2637 referta
692 2588 844 2638 tecta
870 2598 939 2639 ac
975 2579 1318 2657 laborantia,
1349 2599 1417 2640 ac
1444 2600 1518 2641 ne
1554 2600 1681 2641 eum
1711 2580 1937 2658 quidem
1964 2598 2162 2639 vacan-

186 2670 305 2721 tem
333 2658 521 2720 locum
553 2663 647 2739 qui
674 2678 785 2720 non
811 2663 918 2722 nisi
951 2681 1286 2740 suspensum
1315 2672 1372 2723 et
1393 2663 1653 2723 instabile
1673 2665 1974 2738 vestigium
1998 2681 2164 2739 cape-

97 2753 173 2809 30
188 2751 310 2820 ret,
347 2743 608 2822 oppletas
632 2744 875 2821 undique
895 2746 1014 2804 vias
1041 2757 1447 2823 angustumque
1471 2749 1744 2806 tramitem
1764 2745 2020 2805 relictum
2043 2745 2162 2820 tibi,

186 2826 430 2887 alacrem
463 2827 590 2887 hinc
613 2836 782 2905 atque
814 2826 944 2886 inde
972 2829 1274 2906 populum,
1306 2831 1514 2907 ubique
1546 2847 1648 2907 par
1667 2827 1926 2906 gaudium
1948 2845 2163 2906 parem·

187 2928 301 2988 que
334 2908 654 2971 clamorem.
709 2908 843 2970 Tam
878 2911 1127 2989 aequalis
1161 2914 1230 2972 ab
1263 2913 1515 2973 omnibus
1547 2930 1621 2972 ex
1656 2910 1895 2972 adventu
1922 2920 2018 2971 tuo
2048 2911 2162 2971 lae-

145 3050 152 3055 .
184 2996 304 3054 titia
333 3003 607 3073 percepta
634 3003 724 3055 est
753 3012 914 3073 quam
945 2996 1199 3056 omnibus
1229 2997 1462 3055 venisti:
1493 3013 1636 3074 quae
1670 3005 1853 3055 tamen
1881 2998 2001 3073 ipsa
2039 3013 2163 3056 cum

184 3079 447 3154 ingressu
487 3088 586 3138 tuo
628 3081 806 3140 crevit
843 3097 911 3139 ac
941 3097 1123 3159 prope
1165 3082 1221 3139 in
1264 3078 1517 3156 singulos
1559 3080 1764 3156 gradus
1793 3079 2022 3140 adaucta
2052 3090 2158 3140 est.

96 3171 170 3225 35
191 3159 416 3223 Gratum
452 3172 571 3223 erat
611 3164 827 3223 cunctis
868 3163 1018 3241 quod
1058 3172 1312 3224 senatum
1346 3163 1545 3224 osculo
1577 3166 1914 3241 exciperes,
1969 3173 2029 3223 ut
2076 3165 2154 3224 di·
2178 3162 2256 3227 23

184 3247 391 3306 missus
432 3246 631 3306 osculo
673 3246 895 3325 fueras,
949 3257 1165 3324 gratum
1204 3247 1356 3325 quod
1395 3249 1673 3326 equestris
1704 3246 1909 3307 ordinis
1954 3246 2160 3308 decora

184 3329 402 3389 honore
429 3332 709 3390 nominum
740 3333 863 3392 sine
892 3334 1166 3392 monitore
1195 3334 1481 3410 signares,
1523 3341 1740 3409 gratum
1767 3331 1918 3409 quod
1952 3340 2159 3393 tantum

184 3428 302 3471 non
329 3411 472 3474 ultro
502 3413 800 3475 clientibus
826 3414 1077 3477 salutatis
1109 3417 1377 3494 quasdam
1405 3416 1783 3477 familiaritatis
1806 3426 1967 3477 notas
1992 3413 2158 3473 adde-
