2467 3850
303 203 386 268 86
1141 200 1209 262 G.
1250 199 1444 263 PLINI

699 355 798 416 ille
834 373 869 415 o
892 353 1124 433 Plinius,
1153 354 1255 416 ille
1287 364 1423 435 quot
1459 352 1734 416 Catones!

704 442 723 499 i
749 458 920 517 nunc,
951 439 1206 519 quisquis
1229 457 1402 517 amas,
1431 457 1615 499 amare
1644 438 1779 498 noli.

249 522 473 597 5Vides
502 539 666 601 quam
692 534 856 585 acuta
885 526 1085 602 omnia,
1123 542 1286 602 quam
1312 532 1464 602 apta,
1496 542 1660 602 quam
1687 539 1981 601 expressa.
2023 521 2116 583 Ad
2137 522 2295 585 hunc

300 617 528 687 gustum
554 615 733 667 totum
761 609 963 668 librum
990 610 1323 688 repromitto
1339 653 1358 684 ,
1402 623 1570 686 quem
1600 608 1721 684 tibi,
1752 615 1812 666 ut
1839 608 2078 685 primum
2101 606 2292 686 publi-

302 693 537 769 caverit,
569 692 875 753 exhibebo.
918 689 1147 752 Interim
1171 710 1294 752 ama
1322 694 1583 751 iuvenem
1612 701 1672 751 et
1698 691 2047 770 temporibus
2076 693 2346 753 nostris5

300 775 581 855 gratulare
616 795 721 855 pro
765 778 994 854 ingenio
1034 776 1166 854 tali,
1208 775 1360 854 quod
1401 774 1499 835 ille
1536 775 1782 835 moribus
1826 774 2072 835 adornat.
2133 774 2296 835 Vivit

303 878 431 921 cum
459 860 753 939 Spurinna,
783 863 920 921 vivit
950 879 1077 920 cum
1102 860 1412 938 Antonino,
1444 876 1679 937 quorum
1710 859 1870 919 alteri
1900 849 2119 937 adfinis,
2154 860 2295 919 utri-

237 953 272 1007 6
306 963 416 1023 que
453 943 868 1007 contubernalis
899 954 1008 1008 est.
1050 942 1246 1005 Possis
1276 962 1352 1004 ex
1371 944 1483 1003 hoc
1505 942 1697 1004 facere
1721 944 2101 1004 coniecturam
2124 959 2296 1021 quam

301 1031 376 1089 sit
405 1028 730 1089 emendatus
760 1027 1100 1089 adulescens
1129 1030 1224 1109 qui
1252 1046 1284 1088 a
1311 1029 1656 1106 gravissimis
1687 1029 1917 1089 senibus
1943 1028 2032 1087 sic
2058 1035 2292 1087 amatur.

299 1110 404 1175 Est
433 1114 580 1172 enim
607 1112 747 1173 illud
771 1113 1125 1174 verissimum
2298 1124 2385 1178 ,10

1312 1186 1662 1273 γινώσκων
1693 1186 1797 1256 ὅτι

299 1362 350 1421 v
381 1362 400 1422 l
601 1272 904 1354 τοιοῦτός
927 1273 1129 1359 ἐστιν,
1155 1265 1380 1361 οἴςπερ
1403 1270 1629 1360 ἥδεται
1654 1273 1901 1342 συνών.

348 1382 380 1425 a
404 1382 458 1425 e.

1158 1495 1418 1558 xxvui.
2313 1537 2382 1589 15

757 1594 812 1648 G.
850 1593 1099 1647 PLINIUS
1131 1594 1303 1646 VIBIO
1339 1593 1589 1645 SEVERO
1628 1592 1745 1646 SUO
1785 1591 1839 1646 S.

255 1710 286 1762 1
427 1694 740 1757 Herennius
771 1695 1020 1757 Severus
1035 1743 1053 1775 ,
1083 1696 1172 1756 vir
1198 1697 1589 1776 doctissimus,
1629 1697 1816 1775 magui
1836 1698 2091 1758 aestimat
2121 1698 2180 1757 in
2209 1697 2295 1758 bi·

304 1779 591 1843 bliotheca
632 1799 733 1842 sua
770 1798 988 1859 ponere
1036 1783 1310 1858 imagines
1351 1781 1694 1860 municipum
1732 1790 1984 1859 tuorum,
2037 1778 2296 1841 Cornelii

301 1863 543 1945 Nepotis
587 1875 645 1927 et
674 1864 781 1926 Titi
812 1861 956 1943 Cati,
986 1867 1275 1944 petitque,
1319 1867 1368 1926 si
1403 1873 1530 1927 sunt
1560 1867 1722 1942 istic,
1762 1874 1821 1925 ut
1851 1883 1983 1926 esse
2015 1865 2294 1926 credibile

251 1959 424 2027 2est,
468 1949 873 2012 exscribendas
914 1950 1340 2029 pingendasque
1383 1950 1668 2028 delegem.
1739 1949 1916 2022 Quam
1959 1967 2148 2010 curam
2190 1951 2382 2013 tibiuo

301 2037 651 2114 potissimum
681 2035 944 2112 iniungo,
979 2036 1247 2111 primum,
1290 2036 1418 2112 quia
1449 2032 1744 2094 desideriis
1774 2035 1916 2094 meis
1945 2035 2294 2094 amicissime
2360 2066 2369 2079 ·

302 2119 636 2197 obsequeris
655 2162 672 2193 ,
722 2115 961 2193 deinde,
1014 2117 1142 2193 quia
1184 2116 1290 2175 tibi
1340 2118 1644 2177 studiorum
1686 2136 1897 2179 summa
1944 2119 2291 2194 reverentia,

305 2219 549 2261 summus
580 2217 738 2260 amor
772 2199 1172 2276 studiosorum,
1206 2208 1516 2280 postremo,
1551 2202 1702 2280 quod
1733 2203 1966 2281 patriam
1993 2211 2144 2261 tuam
2173 2219 2295 2261 om·

254 2293 520 2361 3ncsque
550 2283 647 2361 qui
675 2300 879 2343 nomen
908 2285 1032 2342 eius
1065 2294 1337 2345 auxerunt
1363 2294 1423 2345 ut
1452 2288 1683 2365 patriam
1710 2289 1890 2365 ipsam
1908 2286 2202 2347 veneraris
2233 2296 2296 2346 et

304 2365 509 2444 diligis.
555 2365 693 2427 Peto
716 2376 901 2426 autem
927 2377 988 2427 ut
1009 2369 1289 2446 pictorem
1311 2386 1474 2447 quam
1498 2370 1983 2447 diligentissimum
2006 2368 2294 2430 adsumas.
2309 2383 2380 2436 25

300 2447 443 2509 Nam
471 2465 595 2510 cum
618 2462 707 2512 est
729 2451 957 2511 arduum
979 2451 1393 2513 similitudinem
1416 2454 1693 2532 effingere
1723 2472 1799 2514 ex
1825 2470 1989 2529 vero,
2020 2463 2138 2513 tum
2168 2451 2295 2514 lou-

303 2553 378 2611 ge
410 2533 736 2619 difficillima
775 2545 864 2596 est
904 2537 1222 2597 imitationis
1253 2539 1511 2605 imitatio;
1554 2556 1587 2598 a
1615 2557 1724 2616 qua
1750 2555 1895 2615 rogo
1922 2547 1984 2596 ut
2013 2538 2297 2597 artificem

304 2634 470 2695 quem
498 2618 749 2697 elegeris
778 2638 850 2681 ne
880 2622 936 2680 iu
963 2620 1162 2682 melius
1192 2621 1417 2700 quidem
1446 2624 1595 2683 siuas
1623 2624 1907 2683 aberrare.
1967 2619 2133 2683 Vale.

1148 2738 1437 2817 xxvn'n.

728 2852 784 2904 c.
820 2853 1066 2907 PLINIUS
1098 2855 1387 2907 ROMATIO
1425 2853 1622 2905 FIRMO
1659 2851 1779 2905 SUO
1812 2851 1865 2908 S.

255 2967 285 3017 1
424 2953 566 3017 Heia
594 2966 687 3033 tu,
740 2975 866 3016 cum
892 2960 1151 3037 proxime
1178 2977 1276 3019 res
1299 2966 1556 3037 agentur,
1594 2974 1823 3035 quoquo
1853 2956 2022 3016 modo
2050 2955 2121 3016 ad
2153 2954 2297 3016 iudi-

305 3038 538 3098 candum
565 3043 712 3100 veni.
751 3040 902 3101 Nihil
932 3053 1021 3102 est
1050 3043 1200 3122 quod
1227 3045 1284 3101 in
1313 3042 1563 3102 dextram
1588 3059 1780 3102 aurem
1802 3041 2003 3101 fiducia
2030 3042 2142 3099 mei
2166 3040 2297 3099 dor·
2446 3116 2447 3123 ἵ

258 3124 472 3183 2mias:
502 3140 613 3182 uon
635 3126 841 3202 inpune
868 3137 1143 3187 cessatur.
1179 3125 1363 3203 Ecce,
1393 3126 1636 3186 Licinius
1659 3123 1880 3203 Nepos,
1905 3133 2137 3203 praetor
2158 3142 2299 3183 acer
2446 3144 2447 3193 ι

307 3215 367 3266 et
395 3205 579 3283 fortis,
610 3208 836 3269 multam
864 3209 1001 3269 dixit
1030 3212 1196 3269 etiam
1223 3212 1487 3269 senatori.
1549 3208 1686 3287 Egit
1711 3208 1809 3268 ille
1838 3210 1892 3266 in
1929 3216 2127 3267 senatu
2159 3217 2383 3272 cau-35

307 3308 425 3350 sam
454 3308 628 3367 suam,
661 3295 781 3370 egit
811 3303 997 3353 autem
1026 3296 1110 3352 sic
1140 3303 1198 3353 ut
1229 3292 1648 3372 deprecaretur.
1692 3291 1952 3352 Remissa
1981 3299 2071 3352 est
2094 3289 2295 3368 multa,

252 3374 407 3435 3sed
432 3374 632 3452 timuit,
664 3376 769 3435 sed
798 3379 1040 3452 rogavit,
1079 3376 1182 3436 sed
1213 3394 1356 3453 opus
1378 3380 1540 3436 venia
1564 3377 1689 3436 fuit.
1729 3375 1906 3436 Dices
1929 3380 2066 3434 ‘non
2090 3390 2300 3435 omnes

303 3467 597 3537 praetores
627 3469 737 3519 tam
772 3460 1006 3518 severi?
1055 3457 1311 3520 Falleris.
1362 3458 1502 3519 Nam
1534 3460 1629 3521 vel
1667 3460 1962 3521 instituere
1992 3455 2088 3519 vel
2124 3457 2297 3519 redu-

2309 2806 2385 2859 30

2442 3260 2445 3293 l
