2467 3850
360 129 494 221 283
1200 153 1270 216 c.
1296 153 1490 217 rum

359 308 744 387 indignum,'si
764 316 963 387 posset
983 306 1229 368 honores
1252 307 1383 368 dare
1408 309 1502 387 qui
1523 324 1730 385 gerere
1750 324 1863 367 non
1887 317 2108 386 posset.
2140 306 2345 374 Factu÷

358 414 455 455 rus
485 390 751 453 consules
775 392 1010 466 doceat,
1039 393 1475 469 accepturisque
1499 391 1895 469 amplissimum
1918 391 2194 451 honorem
2217 410 2347 469 per-

360 477 592 540 suadeat
618 478 766 536 scire
801 495 866 536 se
901 475 1033 553 quid
1061 476 1136 536 sit
1165 474 1319 553 quod
1347 476 1526 535 dabit:
1568 478 1653 536 sic
1686 477 1747 536 fit
1774 485 1835 535 ut
1864 475 1944 538 illi
1978 493 2207 554 quoque
2236 477 2347 535 sci·
2448 547 2449 552 γ

360 572 452 622 ant
481 556 614 639 quid
640 561 978 637 acceperint.
1138 549 1149 561 ’

260 646 341 710 78
484 645 612 718 Quo
652 645 851 704 iustius
892 651 1119 703 senatus
1153 653 1212 703 ut
1257 646 1587 722 susciperes
1619 651 1873 721 quartum
1903 641 2255 703 consulatum
2290 651 2392 705 et5

361 730 581 806 rogavit
621 736 679 786 et
722 729 903 787 iussit.
972 727 1197 805 Imperii
1232 726 1344 787 hoc
1382 729 1650 804 verbum,
1704 744 1816 786 non
1847 726 2183 788 adulationis
2212 744 2348 786 esse
2448 731 2449 822 χ

362 814 642 891 obsequio
670 820 767 870 tuo
797 810 967 871 crede
983 856 1002 888 ,
1034 810 1186 888 quod
1205 829 1318 870 non
1344 811 1450 871 alia
1472 814 1529 870 in
1552 828 1617 869 re
1642 812 1822 887 mag-is
1842 819 1937 871 aut
1962 819 2194 870 senatus
2224 811 2346 869 exi·
2448 825 2449 870 l

361 915 501 974 gere
543 914 575 955 a
619 904 677 955 te
705 903 798 954 aut
824 904 884 954 tu
911 905 1201 974 praestare
1232 897 1451 955 senatui
1479 894 1678 955 debes,
1731 894 1809 954 Ut
1840 896 1987 953 enim
2019 902 2347 954 ceterorum
2448 941 2449 946 1

360 982 641 1042 hominum
663 981 738 1039 ita
766 980 1099 1065 principum,
1130 978 1354 1037 illorum
1382 981 1549 1039 etiam
1577 979 1672 1056 qui
1699 976 1775 1037 dii
1805 978 1912 1038 sibi
1935 969 2220 1054 videntur,
2253 994 2348 1037 ae·
2448 1037 2449 1064 ¹

358 1082 491 1124 vum
509 1082 673 1124 omne
690 1073 753 1123 et
768 1064 943 1123 breve
958 1072 1016 1123 et
1029 1061 1228 1139 fragile
1243 1072 1348 1122 est.
1376 1062 1571 1141 Itaque
1588 1063 1852 1141 optimum
1869 1078 2152 1140 quemque
2173 1062 2276 1120 niti
2291 1071 2349 1121 et
2363 1071 2417 1123 10
2448 1071 2449 1138 l

363 1147 707 1208 contendere
725 1147 893 1207 decet
908 1156 967 1206 ut
985 1155 1116 1225 post
1138 1163 1449 1224 sequcque
1466 1148 1550 1205 rei
1568 1144 1827 1225 publicae
1856 1146 2059 1224 prosit,
2088 1143 2348 1205 modera-

361 1233 530 1292 tionis
560 1231 781 1292 scilicet
817 1232 1173 1307 iustitiaeque
1206 1232 1614 1307 monumentis,
1647 1247 1791 1307 quae
1827 1228 2062 1307 plurima
2091 1238 2347 1289 statuere
2448 1269 2449 1272 κ

363 1313 561 1375 consul
585 1323 794 1393 potest.
825 1313 981 1374 Haec
1004 1332 1209 1392 nempe
1226 1314 1462 1376 intentio
1487 1324 1577 1390 tua
1601 1322 1661 1372 ut
1678 1313 1992 1373 libertatem
2004 1329 2261 1373 ,revoces
2278 1330 2346 1371 ac

359 1399 618 1458 reducas.
638 1396 818 1469 Quem
836 1414 976 1474 erg-o
988 1396 1259 1457 honorem
1272 1400 1447 1475 magis
1467 1414 1671 1472 amare,
1689 1396 1839 1475 quod
1850 1413 2053 1456 nomen
2065 1413 2343 1474 usurpare

362 1483 586 1560 saepius
613 1479 788 1540 debes
816 1499 978 1559 quam
1004 1480 1153 1559 quod
1190 1482 1423 1560 primum
1460 1482 1670 1540 invenit
1703 1489 2036 1558 recuperata
2064 1476 2411 1540 libertasYJ5
2448 1479 2449 1482 ’

359 1564 411 1624 N
415 1582 487 1624 on
501 1572 591 1623 est
616 1565 795 1625 minus
821 1563 988 1624 civile
1004 1575 1061 1625 et
1081 1566 1396 1643 principem
1421 1581 1554 1625 esse
1567 1566 1777 1643 pariter
1788 1573 1847 1624 et
1866 1564 2165 1627 consulem
2178 1579 2344 1641 quam

358 1657 567 1709 tantum
591 1649 899 1708 consulem.
926 1647 1115 1709 Habes
1135 1649 1300 1710 etiam
1313 1649 1583 1709 rationem
1594 1647 1966 1708 verecundiae
1993 1647 2349 1724 collegarum
2444 1647 2449 1696 i

359 1742 601 1809 tuorum,
628 1732 973 1809 collegarum
988 1734 1209 1811 inquam
1225 1752 1255 1791 ε»
1271 1734 1346 1792 ita
1371 1733 1517 1791 enim
1541 1742 1598 1810 et
1619 1734 1746 1810 ipse
1767 1731 2019 1809 loqueris
2044 1740 2103 1791 et
2127 1750 2239 1791 nos
2260 1731 2347 1790 lo·

359 1818 453 1896 qui
479 1818 583 1876 viS.
627 1815 881 1877 Onerosa
906 1818 1010 1875 erit
1031 1815 1342 1875 modestiae
1366 1815 1588 1875 illorum
1613 1818 1765 1875 tertii
1792 1813 2115 1876 consulatus
2141 1817 2232 1874 sui
2255 1833 2346 1874 re-

359 1900 633 1977 cordatio,
660 1899 842 1960 donec
861 1908 917 1959 te
944 1901 1175 1978 saepius
1199 1900 1490 1975 consulem
1499 1899 1738 1961 videant.
1757 1898 1957 1978 Neque
1978 1901 2127 1959 enim
2145 1907 2346 1978 potest
2361 1905 2417 1961 20

355 2003 467 2046 non
492 1987 713 2045 nimium
735 2002 866 2045 esse
897 1986 1126 2061 privatis
1156 1983 1308 2062 quod
1336 1986 1575 2064 principi
1604 1986 1738 2046 satis
1769 1994 1874 2045 est.
1909 1983 2163 2061 Adnuas,
2199 1981 2346 2042 Cae-

356 2088 468 2145 sar,
497 2070 839 2148 optantibus,
866 2069 1180 2146 quibusque
1198 2069 1346 2146 apud
1372 2069 1512 2128 deos
1533 2067 1738 2129 adesse
1764 2070 2073 2141 consuesti,
2101 2084 2349 2144 quorum

256 2157 337 2221 79
357 2163 525 2232 potes
553 2155 681 2230 ipse
711 2163 967 2212 votorum
990 2161 1268 2230 conpotes
1298 2151 1491 2211 facias.
1539 2150 1662 2212 Tibi
1686 2151 1929 2211 fortasse
1953 2151 2199 2211 sufficiat
2228 2159 2345 2210 ter·
2448 2214 2449 2219 γ

356 2238 465 2295 tius
507 2235 860 2296 consulatus:
913 2235 1017 2295 sed
1055 2235 1216 2296 nobis
1247 2245 1399 2295 tanto
1428 2237 1608 2297 minus
1639 2235 1865 2296 sufficit.
1905 2233 2011 2294 llle
2040 2253 2148 2294 nos
2180 2235 2346 2294 insti-

353 2321 459 2378 tuit
499 2329 557 2378 et
584 2319 793 2379 induxit
822 2328 880 2378 ut
915 2327 973 2377 te
1008 2322 1209 2379 iterum
1236 2321 1549 2397 iterumque
1580 2318 1871 2379 consulem
1904 2318 2117 2378 habere
2147 2308 2416 2397 cupita-215

354 2420 499 2461 mus.
556 2400 870 2461 Remissius
900 2402 1051 2462 istud
1082 2402 1583 2479 contenderemuS,
1629 2405 1676 2462 si
1704 2402 1886 2461 adhuc
1918 2419 2030 2461 non
2061 2404 2345 2462 sciremus

356 2484 533 2562 qualis
565 2504 729 2546 esses
763 2484 997 2545 futurus.
1053 2484 1428 2546 Tolerabilius
1457 2486 1560 2547 fuit
1591 2487 2036 2564 experimentum
2059 2487 2141 2544 tui
2170 2486 2345 2545 nobis

356 2587 519 2648 quam
554 2587 715 2629 usum
754 2570 967 2645 negari.
1029 2568 1337 2636 Dabiturne
1365 2587 1559 2630 rursus
1587 2569 1782 2629 videre
1810 2568 2103 2629 consulem
2131 2566 2345 2628 illum?

352 2653 593 2731 Audiet,
645 2652 846 2713 reddet
887 2670 1026 2730 quas
1067 2655 1320 2731 proxime
1358 2671 1569 2730 voceS,
1620 2653 2039 2732 praestabitque
2068 2652 2347 2729 gaudium
2448 2704 2449 2707 ,

249 2758 252 2761 ·
354 2747 613 2817 quantum
641 2739 768 2814 ipse
799 2733 1120 2815 percipiet?
1149 2736 1498 2798 Praesidebit
1529 2737 1773 2797 laetitiae
1808 2736 2105 2815 publicae,
2138 2745 2415 2797 auctor30
2448 2790 2449 2801 ,

355 2825 476 2882 eius
495 2831 552 2880 et
567 2839 757 2897 eausa,
785 2821 1190 2898 temptabitque
1203 2820 1461 2880 adfectus
1477 2831 1727 2897 nostros,
1756 2829 1814 2880 ut
1834 2819 2004 2896 solet,
2033 2820 2342 2895 cohibere,

354 2919 462 2962 nec
491 2902 739 2982 poterit?
781 2906 974 2982 pietati
1002 2914 1230 2964 senatus
1263 2921 1387 2962 cum
1419 2903 1694 2964 modestia
1724 2905 1994 2981 principis
2024 2902 2174 2963 felix
2203 2922 2343 2982 spe-

358 2988 683 3064 ciosumque
713 2998 1029 3064 certamen,
1062 3006 1165 3046 seu
1187 2987 1355 3046 fuerit
1377 2988 1522 3047 victa
1546 3006 1650 3046 seu
1676 2990 1896 3046 vicerit.
1939 2986 2230 3064 Equidem
2261 2991 2345 3047 in-

356 3070 632 3140 cognitam
672 3070 943 3147 quandam
981 3073 1352 3148 proximaque
1390 3073 1656 3130 maiorem
1700 3088 1996 3149 praesumo
2044 3070 2343 3131 laetitiam.

357 3144 496 3217 Quis
527 3153 671 3210 enim
700 3163 791 3212 est
820 3164 931 3212 tam
958 3152 1224 3212 inbecillo
1267 3156 1526 3230 ingenio,
1576 3155 1670 3232 qui
1712 3171 1822 3213 non
1852 3163 2004 3213 tanto
2035 3154 2413 3218 meliorem&

356 3228 647 3314 consulem
674 3245 867 3311 speret
894 3245 1099 3313 quanto
1131 3238 1358 3315 saepius
1387 3234 1597 3297 fuerit?
1635 3236 1796 3297 Alius
1827 3236 2089 3313 labores,
2138 3240 2190 3297 si
2223 3258 2341 3299 non

358 3312 619 3368 continuo
643 3332 707 3372 se
732 3316 978 3376 desidiae
1004 3336 1071 3378 ae
1091 3318 1365 3397 voluptati
1393 3320 1665 3397 dedisset,
1698 3322 1812 3380 otio
1842 3330 2026 3380 tamen
2058 3331 2120 3380 et
2141 3326 2344 3399 quiete

355 3403 700 3453 recreasset:
743 3397 834 3456 hic
876 3401 1263 3462 consularibus
1307 3407 1455 3465 curis
1485 3405 1809 3482 exfflutus,
1862 3405 2219 3484 principales
2251 3426 2343 3466 re·
