2467 3850
318 179 439 243 130
613 178 619 185 ’
1141 177 1223 248 C.
1271 177 1461 238 PLINI

317 333 599 392 sinistrum
640 332 926 392 brachium
978 331 1290 390 firmissimo
1332 347 1510 407 opere
1559 330 1825 388 munitum
1866 339 1984 405 est,
2043 330 2302 390 dextrum

240 427 301 480 16
320 416 655 476 elaboratur.
721 416 783 475 In
813 431 913 475 ore
943 424 1140 493 portus
1165 413 1344 474 insula
1373 413 1653 490 adsurgit,
1698 431 1844 492 quae
1872 414 2100 474 inlatum
2129 424 2302 475 vento

317 518 468 559 mare
512 500 779 560 obiacens
813 500 1030 576 frangat
1067 507 1358 576 tutumque
1398 497 1467 556 ab
1510 507 1748 575 utroque
1792 497 1969 557 latere
1998 497 2304 559 decursum

317 584 551 644 navibus
593 593 875 663 praestet,
923 581 1174 659 adsurgit
1211 575 1543 642 autemarte
1569 580 1830 644 visenda:
1884 584 2132 659 ingentia
2162 599 2303 644 saxa

316 668 586 729 latissima
622 669 779 727 navis
821 666 1112 746 provehit:
1158 676 1352 725 contra
1395 665 1538 725 haec
1575 664 1683 724 alia
1722 683 1897 743 super
1938 665 2043 725 alia
2076 665 2350 733 deiecta5

318 755 445 831 ipso
476 750 729 829 pondere
762 760 983 810 manent
1012 767 1080 809 ac
1112 751 1322 810 sensim
1352 748 1591 826 quodam
1613 747 1768 808 velut
1797 767 2012 827 aggere
2043 759 2302 810 constru-

234 848 298 902 17
319 847 499 896 untur.
573 833 796 894 Eminet
836 836 942 894 iam
996 843 1053 894 et
1108 842 1343 912 apparet
1388 850 1617 892 saxeum
1660 832 1886 893 dorsum
1926 837 2302 913 inpactosque

320 921 522 979 fluctus
553 918 608 978 in
635 920 945 978 inmensum
976 917 1133 977 elidit
1162 927 1220 976 et
1248 916 1413 978 tollit.
1469 916 1676 976 Vastus
1705 917 1826 977 illic
1856 917 2047 995 fragor
2075 935 2303 977 canum-

318 1022 430 1082 que
471 1004 621 1063 circa
666 1020 839 1061 marc.
903 1002 1065 1061 Saxis
1106 1000 1309 1061 deinde
1338 1000 1874 1079 pilaeadicientur,
1918 1019 2062 1079 quae
2093 1018 2302 1080 proce·

318 1088 485 1148 dente
528 1095 782 1164 tempore
826 1094 1039 1146 enatam
1080 1086 1316 1145 insulam
1355 1087 1652 1144 imitentur.
1710 1084 1951 1145 Habebit
1979 1086 2071 1145 hic
2101 1093 2302 1163 portus
2320 1093 2387 1144 10

318 1182 377 1231 et
417 1174 527 1231 iam
568 1170 738 1230 habet
777 1187 981 1229 nomen
1022 1171 1270 1230 auctoris
1315 1171 1533 1246 eritque
1584 1166 1678 1226 vel
1734 1173 1972 1228 maxime
2022 1168 2300 1230 salutaris.

315 1255 455 1317 Nam
484 1272 589 1333 per
622 1252 1005 1331 longissimum
1046 1247 1285 1331 spatium
1320 1252 1451 1313 litus
1481 1254 1868 1331 inportuosum
1896 1253 2009 1313 hoc
2038 1263 2302 1331 recepta·

318 1339 447 1401 culo
472 1347 675 1398 utetur.
738 1337 896 1398 Vale.

1183 1469 1416 1531 XXXII.

798 1571 851 1626 c,
885 1570 1133 1622 PLINIUS
1169 1571 1580 1629 QUINTILIANO
1615 1570 1733 1622 suo
1768 1568 1819 1619 s.

270 1688 297 1737 1
443 1674 707 1749 Quamvis
739 1685 797 1735 et
824 1676 950 1753 ipse
983 1676 1062 1734 sis
1095 1675 1604 1734 continentissimus
1645 1682 1704 1734 et
1746 1673 1910 1732 filiam
1937 1681 2086 1731 tuam
2114 1672 2192 1730 ita
2219 1672 2301 1730 in-

316 1762 566 1822 stitueris
590 1769 651 1819 ut
677 1759 917 1819 decebat
948 1767 1092 1818 tuam
1117 1758 1315 1835 filiam,
1362 1756 1528 1817 Tutili
1557 1767 1817 1835 neptem,
1861 1773 1987 1815 cum
2015 1765 2201 1814 tamen
2231 1757 2303 1814 sit

316 1853 552 1922 nuptura
581 1844 978 1903 honestissimo
1008 1843 1154 1918 viro,
1189 1841 1373 1901 Nonio
1406 1840 1616 1916 Celeri,
1651 1844 1738 1900 cui
1768 1842 1908 1900 ratio
1944 1837 2191 1899 civilium
2215 1838 2300 1897 of-

317 1930 569 1990 ficiorum
606 1929 1005 1987 necessitatem
1042 1925 1314 2004 quandam
1353 1929 1550 1987 nitoris
1583 1928 1829 2005 inponit,
1880 1922 2053 1985 debet
2094 1937 2387 1991 secun-20

317 2012 446 2072 dum
482 2012 858 2072 conditionem
901 2012 1076 2069 mariti
1119 2018 1284 2069 veste
1342 2012 1605 2070 comitatu
1653 2011 1879 2087 augeri;
1944 2009 2147 2086 quibus
2186 2024 2301 2067 nen

267 2109 301 2159 2
320 2096 538 2175 quidem
569 2103 805 2171 augetur
834 2093 1090 2169 dignitas,
1126 2102 1350 2152 ornatur
1377 2103 1559 2154 tamen
1589 2102 1647 2153 et
1673 2094 1974 2153 instruitur.
2015 2090 2098 2150 Te
2127 2108 2302 2170 porro

318 2182 500 2239 animo
534 2179 936 2251 beatissimum,
967 2176 1244 2235 modicum
1275 2177 1633 2238 facultatibus
1664 2180 1802 2237 scio.
1861 2177 2056 2253 Itaque
2083 2185 2303 2252 partem

321 2265 509 2321 oneris
540 2264 618 2320 tui
659 2260 790 2318 mihi
819 2258 1078 2334 vindico,
1124 2269 1180 2319 et
1215 2268 1491 2338 tamquam
1529 2279 1733 2339 parens
1764 2260 1908 2320 alter
1935 2257 2164 2338 puellae
2202 2275 2301 2318 no—

259 2368 260 2371 *
321 2355 469 2405 strae
526 2343 761 2404 confero
804 2343 1198 2419 quinquaginta
1239 2345 1391 2405 milia
1429 2363 1737 2420 nummum,
1789 2345 1917 2423 plus
1968 2343 2299 2417 collaturus,
2319 2358 2389 2410 25

317 2429 424 2489 nisi
467 2445 499 2486 a
540 2424 882 2486 verecundia
925 2435 1017 2486 tua
1057 2425 1176 2485 sola
1217 2429 1603 2488 mediocritate
1656 2426 1967 2488 munusculi
2015 2429 2302 2505 impetrari

319 2528 495 2590 posse
520 2510 863 2572 confiderem
890 2528 963 2569 ne
992 2527 1307 2573 recusares.
1369 2512 1528 2573 Vale.

1172 2643 1433 2705 XXXIII.

865 2744 917 2794 c,
956 2744 1201 2795 PLINIUS
1234 2744 1505 2796 ROMANO
1543 2743 1660 2795 SUO
1693 2743 1748 2798 S.
2320 2769 2392 2823 30

275 2861 301 2909 1
488 2846 717 2906 ‘Tollite
751 2853 972 2906 cuncta'
997 2846 1186 2925 inquid
1215 2853 1594 2925 ‘coeptosque
1617 2847 1836 2906 auferte
1859 2846 2131 2906 labores?

320 2929 435 2989 Seu
466 2932 669 2991 scribis
699 2930 906 3009 aliquid
934 2949 1036 2990 seu
1067 2931 1245 3008 legiS,
1289 2929 1411 2990 tolli
1457 2931 1662 2989 auferri
1702 2931 1834 2990 iube
1863 2938 1920 2990 et
1947 2932 2150 3008 accipe
2180 2945 2303 2989 ora·

319 3014 530 3073 tionem
568 3031 778 3091 meam,
820 3023 881 3073 ut
908 3013 1000 3074 illa
1023 3033 1202 3089 arma,
1249 3013 1484 3074 divinam
1528 3016 1687 3093 (num
1715 3013 2016 3094 superbius
2045 3010 2301 3092 potuiY),

278 3114 281 3118 “
321 3114 383 3155 re
415 3114 582 3173 vera,
624 3106 685 3155 ut
713 3100 857 3157 inter
886 3116 1068 3173 meaa,
1114 3097 1430 3175 pulchram3
1469 3116 1593 3158 nam
1632 3099 1763 3168 mibi
1794 3101 1927 3159 satis
1957 3107 2047 3157 est
2080 3108 2304 3157 certare

268 3189 302 3241 2
322 3197 558 3239 mecum.
613 3179 717 3240 Est
747 3182 890 3241 haec
930 3196 1034 3260 pro
1074 3180 1225 3240 Attia
1255 3181 1500 3256 Viriola,
1545 3192 1603 3241 et
1633 3181 1900 3258 dignitate
1929 3198 2215 3259 personae
2245 3189 2392 3246 et35

321 3263 568 3341 exempli
605 3267 826 3325 raritate
868 3274 925 3323 et
964 3262 1150 3324 iudicii
1192 3264 1569 3341 magnitudine
1611 3267 1864 3343 insignis.
1924 3264 2066 3324 Nam
2095 3263 2305 3324 femina

324 3345 617 3425 splendide
640 3357 785 3422 nata,
818 3354 987 3424 nupta
1016 3351 1301 3425 praetorio
1330 3351 1449 3407 viro
1467 3393 1492 3424 „
1519 3349 1862 3410 exheredata
1891 3349 1961 3408 ab
1993 3352 2303 3426 octogena-

321 3432 406 3492 rio
437 3440 594 3509 patre
624 3433 766 3491 intra
794 3430 1050 3490 undecim
1080 3430 1201 3495 dies
1245 3448 1406 3508 quam
1435 3432 1516 3491 illi
1545 3438 1848 3494 novercam
1877 3451 2065 3495 amore
2098 3444 2304 3514 captus
2336 3444 2341 3448 ’

2323 1517 2383 1568 15
