<?xml version="1.0" encoding="UTF-8"?>
<!DOCTYPE html PUBLIC "-//W3C//DTD XHTML 1.0 Transitional//EN"
    "http://www.w3.org/TR/xhtml1/DTD/xhtml1-transitional.dtd">
<html xmlns="http://www.w3.org/1999/xhtml" xml:lang="en" lang="en">
 <head>
  <title>
</title>
<meta http-equiv="Content-Type" content="text/html;charset=utf-8" />
  <meta name='ocr-system' content='tesseract 3.04.00' />
  <meta name='ocr-capabilities' content='ocr_page ocr_carea ocr_par ocr_line ocrx_word'/>
</head>
<body>
  <div class='ocr_page' id='page_1' title='image "./cplinicaecilise00unkngoog_0218.png"; bbox 0 0 2467 3850; ppageno 0'>
   <div class='ocr_carea' id='block_1_1' title="bbox 2421 0 2443 223">
    <p class='ocr_par' dir='ltr' id='par_1_1' title="bbox 2421 0 2443 223">
     <span class='ocr_line' id='line_1_1' title="bbox 2421 0 2443 223; baseline 0 0"><span class='ocrx_word' id='word_1_1' title='bbox 2421 0 2443 223; x_wconf 62' lang='lat' dir='ltr'><strong>l</strong></span> 
     </span>
    </p>
   </div>
   <div class='ocr_carea' id='block_1_2' title="bbox 284 258 2449 547">
    <p class='ocr_par' dir='ltr' id='par_1_2' title="bbox 284 258 2449 547">
     <span class='ocr_line' id='line_1_2' title="bbox 284 258 2449 547; baseline 0.003 -127"><span class='ocrx_word' id='word_1_2' title='bbox 284 360 536 441; x_wconf 80' lang='lat' dir='ltr'><strong>profero,</strong></span> <span class='ocrx_word' id='word_1_3' title='bbox 576 364 906 441; x_wconf 88' lang='lat' dir='ltr'><strong>praesertim</strong></span> <span class='ocrx_word' id='word_1_4' title='bbox 926 362 1074 442; x_wconf 90' lang='lat' dir='ltr'><strong>apud</strong></span> <span class='ocrx_word' id='word_1_5' title='bbox 1099 373 1180 440; x_wconf 92' lang='lat' dir='ltr'><strong>te,</strong></span> <span class='ocrx_word' id='word_1_6' title='bbox 1214 367 1310 442; x_wconf 90' lang='lat' dir='ltr'><strong>qui</strong></span> <span class='ocrx_word' id='word_1_7' title='bbox 1331 382 1442 425; x_wconf 88' lang='lat' dir='ltr'><strong>nec</strong></span> <span class='ocrx_word' id='word_1_8' title='bbox 1471 364 1640 427; x_wconf 85' lang='lat' dir='ltr'><strong>ullius</strong></span> <span class='ocrx_word' id='word_1_9' title='bbox 1668 365 1885 426; x_wconf 82' lang='lat' dir='ltr'><strong>invides</strong></span> <span class='ocrx_word' id='word_1_10' title='bbox 1920 364 2176 426; x_wconf 73' lang='lat' dir='ltr'><strong>laudibus</strong></span> <span class='ocrx_word' id='word_1_11' title='bbox 2212 375 2273 426; x_wconf 88' lang='lat' dir='ltr'><strong>et</strong></span> <span class='ocrx_word' id='word_1_12' title='bbox 2439 258 2449 547; x_wconf 47' lang='grc' dir='ltr'>ἱ</span> 
     </span>
     <span class='ocr_line' id='line_1_3' title="bbox 284 445 924 510; baseline 0 -6"><span class='ocrx_word' id='word_1_13' title='bbox 284 445 443 506; x_wconf 81' lang='lat' dir='ltr'><strong>faves</strong></span> <span class='ocrx_word' id='word_1_14' title='bbox 473 449 700 510; x_wconf 90' lang='lat' dir='ltr'><strong>nostris.</strong></span> <span class='ocrx_word' id='word_1_15' title='bbox 766 446 924 507; x_wconf 88' lang='lat' dir='ltr'><strong>Vale.</strong></span> 
     </span>
    </p>
   </div>
   <div class='ocr_carea' id='block_1_3' title="bbox 286 209 1420 273">
    <p class='ocr_par' dir='ltr' id='par_1_3' title="bbox 286 209 1420 273">
     <span class='ocr_line' id='line_1_4' title="bbox 286 209 1420 273; baseline -0.002 0"><span class='ocrx_word' id='word_1_16' title='bbox 286 209 407 273; x_wconf 82' lang='lat'><strong>188</strong></span> <span class='ocrx_word' id='word_1_17' title='bbox 1119 211 1185 271; x_wconf 86' lang='lat' dir='ltr'><strong>C.</strong></span> <span class='ocrx_word' id='word_1_18' title='bbox 1227 209 1420 272; x_wconf 88' lang='lat' dir='ltr'>PLINI</span> 
     </span>
    </p>
   </div>
   <div class='ocr_carea' id='block_1_4' title="bbox 795 577 2325 761">
    <p class='ocr_par' dir='ltr' id='par_1_4' title="bbox 795 577 2325 761">
     <span class='ocr_line' id='line_1_5' title="bbox 1267 577 1395 641; baseline 0 0"><span class='ocrx_word' id='word_1_19' title='bbox 1267 577 1395 641; x_wconf 89' lang='lat'>1111.</span> 
     </span>
     <span class='ocr_line' id='line_1_6' title="bbox 795 581 2325 761; baseline 0.003 -32"><span class='ocrx_word' id='word_1_20' title='bbox 795 678 848 729; x_wconf 86' lang='lat' dir='ltr'><strong>o.</strong></span> <span class='ocrx_word' id='word_1_21' title='bbox 885 678 1132 730; x_wconf 61' lang='lat' dir='ltr'><strong>miuus</strong></span> <span class='ocrx_word' id='word_1_22' title='bbox 1157 581 1511 731; x_wconf 50' lang='lat' dir='ltr'><strong>gammo</strong></span> <span class='ocrx_word' id='word_1_23' title='bbox 1548 676 1666 729; x_wconf 83' lang='lat' dir='ltr'><strong>suo</strong></span> <span class='ocrx_word' id='word_1_24' title='bbox 1708 676 1760 732; x_wconf 85' lang='lat' dir='ltr'><strong>S.</strong></span> <span class='ocrx_word' id='word_1_25' title='bbox 1791 672 1800 681; x_wconf 88' lang='grc'><em>“</em></span> <span class='ocrx_word' id='word_1_26' title='bbox 2291 710 2325 761; x_wconf 75' lang='lat'>5</span> 
     </span>
    </p>
   </div>
   <div class='ocr_carea' id='block_1_5' title="bbox 233 779 2462 2376">
    <p class='ocr_par' dir='ltr' id='par_1_5' title="bbox 233 779 2462 1397">
     <span class='ocr_line' id='line_1_7' title="bbox 233 779 2267 862; baseline 0.001 -23"><span class='ocrx_word' id='word_1_27' title='bbox 233 788 262 839; x_wconf 94' lang='lat'>1</span> <span class='ocrx_word' id='word_1_28' title='bbox 405 780 562 840; x_wconf 90' lang='lat' dir='ltr'><strong>Bene</strong></span> <span class='ocrx_word' id='word_1_29' title='bbox 592 779 782 841; x_wconf 80' lang='lat' dir='ltr'><strong>fecisti</strong></span> <span class='ocrx_word' id='word_1_30' title='bbox 824 781 977 860; x_wconf 92' lang='lat' dir='ltr'><strong>quod</strong></span> <span class='ocrx_word' id='word_1_31' title='bbox 1017 782 1281 843; x_wconf 88' lang='lat' dir='ltr'><strong>libertum</strong></span> <span class='ocrx_word' id='word_1_32' title='bbox 1309 782 1606 862; x_wconf 84' lang='lat' dir='ltr'><strong>aliquando</strong></span> <span class='ocrx_word' id='word_1_33' title='bbox 1637 783 1736 842; x_wconf 90' lang='lat' dir='ltr'><strong>tibi</strong></span> <span class='ocrx_word' id='word_1_34' title='bbox 1772 799 1961 842; x_wconf 89' lang='lat' dir='ltr'><strong>carum</strong></span> <span class='ocrx_word' id='word_1_35' title='bbox 1988 781 2267 842; x_wconf 88' lang='lat' dir='ltr'><strong>reducen-</strong></span> 
     </span>
     <span class='ocr_line' id='line_1_8' title="bbox 283 864 2268 945; baseline 0.001 -22"><span class='ocrx_word' id='word_1_36' title='bbox 283 864 436 925; x_wconf 82' lang='lat' dir='ltr'><strong>tibus</strong></span> <span class='ocrx_word' id='word_1_37' title='bbox 472 864 736 944; x_wconf 84' lang='lat' dir='ltr'><strong>epistulis</strong></span> <span class='ocrx_word' id='word_1_38' title='bbox 777 868 919 926; x_wconf 90' lang='lat' dir='ltr'><strong>meis</strong></span> <span class='ocrx_word' id='word_1_39' title='bbox 948 868 1004 925; x_wconf 89' lang='lat' dir='ltr'><strong>in</strong></span> <span class='ocrx_word' id='word_1_40' title='bbox 1037 866 1292 945; x_wconf 88' lang='lat' dir='ltr'><strong>domum,</strong></span> <span class='ocrx_word' id='word_1_41' title='bbox 1337 871 1393 927; x_wconf 89' lang='lat' dir='ltr'><strong>in</strong></span> <span class='ocrx_word' id='word_1_42' title='bbox 1422 869 1659 927; x_wconf 86' lang='lat' dir='ltr'><strong>animum</strong></span> <span class='ocrx_word' id='word_1_43' title='bbox 1696 867 1984 944; x_wconf 82' lang='lat' dir='ltr'><strong>recepisti.</strong></span> <span class='ocrx_word' id='word_1_44' title='bbox 2050 864 2268 925; x_wconf 89' lang='lat' dir='ltr'><strong>Iuvabit</strong></span> 
     </span>
     <span class='ocr_line' id='line_1_9' title="bbox 283 947 2269 1029; baseline 0.001 -22"><span class='ocrx_word' id='word_1_45' title='bbox 283 947 394 1008; x_wconf 89' lang='lat' dir='ltr'><strong>hoc</strong></span> <span class='ocrx_word' id='word_1_46' title='bbox 425 957 513 1008; x_wconf 91' lang='lat' dir='ltr'><strong>te:</strong></span> <span class='ocrx_word' id='word_1_47' title='bbox 542 968 631 1008; x_wconf 92' lang='lat' dir='ltr'><strong>me</strong></span> <span class='ocrx_word' id='word_1_48' title='bbox 656 959 812 1009; x_wconf 87' lang='lat' dir='ltr'><strong>certe</strong></span> <span class='ocrx_word' id='word_1_49' title='bbox 835 952 1013 1019; x_wconf 89' lang='lat' dir='ltr'><strong>iuvat;</strong></span> <span class='ocrx_word' id='word_1_50' title='bbox 1049 953 1308 1029; x_wconf 89' lang='lat' dir='ltr'><strong>primum,</strong></span> <span class='ocrx_word' id='word_1_51' title='bbox 1341 951 1493 1029; x_wconf 87' lang='lat' dir='ltr'><strong>quod</strong></span> <span class='ocrx_word' id='word_1_52' title='bbox 1515 960 1572 1010; x_wconf 93' lang='lat' dir='ltr'><strong>te</strong></span> <span class='ocrx_word' id='word_1_53' title='bbox 1594 960 1702 1009; x_wconf 88' lang='lat' dir='ltr'><strong>tam</strong></span> <span class='ocrx_word' id='word_1_54' title='bbox 1724 948 2075 1010; x_wconf 78' lang='lat' dir='ltr'><strong>tractabilem</strong></span> <span class='ocrx_word' id='word_1_55' title='bbox 2096 950 2269 1009; x_wconf 91' lang='lat' dir='ltr'><strong>video</strong></span> 
     </span>
     <span class='ocr_line' id='line_1_10' title="bbox 283 1031 2267 1114; baseline 0.001 -25"><span class='ocrx_word' id='word_1_56' title='bbox 283 1039 345 1090; x_wconf 90' lang='lat' dir='ltr'><strong>ut</strong></span> <span class='ocrx_word' id='word_1_57' title='bbox 373 1034 427 1090; x_wconf 92' lang='lat' dir='ltr'><strong>in</strong></span> <span class='ocrx_word' id='word_1_58' title='bbox 456 1034 536 1092; x_wconf 88' lang='lat' dir='ltr'><strong>ira</strong></span> <span class='ocrx_word' id='word_1_59' title='bbox 567 1035 693 1110; x_wconf 84' lang='lat' dir='ltr'><strong>regi</strong></span> <span class='ocrx_word' id='word_1_60' title='bbox 725 1036 914 1112; x_wconf 84' lang='lat' dir='ltr'><strong>possis&#39;</strong></span> <span class='ocrx_word' id='word_1_61' title='bbox 932 1081 948 1112; x_wconf 96' lang='lat'><strong>,</strong></span> <span class='ocrx_word' id='word_1_62' title='bbox 993 1034 1231 1113; x_wconf 87' lang='lat' dir='ltr'><strong>deinde,</strong></span> <span class='ocrx_word' id='word_1_63' title='bbox 1278 1036 1429 1114; x_wconf 90' lang='lat' dir='ltr'><strong>quod</strong></span> <span class='ocrx_word' id='word_1_64' title='bbox 1458 1044 1663 1095; x_wconf 87' lang='lat' dir='ltr'><strong>tantum</strong></span> <span class='ocrx_word' id='word_1_65' title='bbox 1690 1033 1824 1092; x_wconf 89' lang='lat' dir='ltr'><strong>mihi</strong></span> <span class='ocrx_word' id='word_1_66' title='bbox 1854 1033 2052 1092; x_wconf 85' lang='lat' dir='ltr'><strong>tribuis</strong></span> <span class='ocrx_word' id='word_1_67' title='bbox 2082 1041 2141 1092; x_wconf 91' lang='lat' dir='ltr'><strong>ut</strong></span> <span class='ocrx_word' id='word_1_68' title='bbox 2171 1031 2267 1093; x_wconf 91' lang='lat' dir='ltr'><strong>vel</strong></span> 
     </span>
     <span class='ocr_line' id='line_1_11' title="bbox 285 1115 2357 1198; baseline -0.001 -24"><span class='ocrx_word' id='word_1_69' title='bbox 285 1119 597 1178; x_wconf 83' lang='lat' dir='ltr'><strong>auctoritati</strong></span> <span class='ocrx_word' id='word_1_70' title='bbox 627 1136 786 1177; x_wconf 89' lang='lat' dir='ltr'><strong>meae</strong></span> <span class='ocrx_word' id='word_1_71' title='bbox 813 1135 1012 1197; x_wconf 90' lang='lat' dir='ltr'><strong>pareas</strong></span> <span class='ocrx_word' id='word_1_72' title='bbox 1039 1118 1132 1179; x_wconf 90' lang='lat' dir='ltr'><strong>vel</strong></span> <span class='ocrx_word' id='word_1_73' title='bbox 1165 1121 1430 1198; x_wconf 87' lang='lat' dir='ltr'><strong>precibus</strong></span> <span class='ocrx_word' id='word_1_74' title='bbox 1458 1117 1770 1195; x_wconf 80' lang='lat' dir='ltr'><strong>indulgeas.</strong></span> <span class='ocrx_word' id='word_1_75' title='bbox 1811 1115 1986 1194; x_wconf 83' lang='lat' dir='ltr'><strong>Igitur</strong></span> <span class='ocrx_word' id='word_1_76' title='bbox 2013 1116 2179 1176; x_wconf 91' lang='lat' dir='ltr'><strong>laudo</strong></span> <span class='ocrx_word' id='word_1_77' title='bbox 2209 1126 2270 1177; x_wconf 91' lang='lat' dir='ltr'><strong>et</strong></span> <span class='ocrx_word' id='word_1_78' title='bbox 2290 1121 2357 1173; x_wconf 85' lang='lat' dir='ltr'><strong>lo</strong></span> 
     </span>
     <span class='ocr_line' id='line_1_12' title="bbox 285 1201 2270 1281; baseline -0.001 -22"><span class='ocrx_word' id='word_1_79' title='bbox 285 1202 494 1276; x_wconf 88' lang='lat' dir='ltr'><strong>gratias</strong></span> <span class='ocrx_word' id='word_1_80' title='bbox 525 1218 652 1278; x_wconf 87' lang='lat' dir='ltr'><strong>ago.</strong></span> <span class='ocrx_word' id='word_1_81' title='bbox 698 1201 870 1261; x_wconf 89' lang='lat' dir='ltr'><strong>Simul</strong></span> <span class='ocrx_word' id='word_1_82' title='bbox 900 1205 955 1261; x_wconf 92' lang='lat' dir='ltr'><strong>in</strong></span> <span class='ocrx_word' id='word_1_83' title='bbox 986 1212 1275 1281; x_wconf 90' lang='lat' dir='ltr'><strong>posterum</strong></span> <span class='ocrx_word' id='word_1_84' title='bbox 1303 1220 1508 1263; x_wconf 91' lang='lat' dir='ltr'><strong>moneo</strong></span> <span class='ocrx_word' id='word_1_85' title='bbox 1535 1212 1595 1262; x_wconf 91' lang='lat' dir='ltr'><strong>ut</strong></span> <span class='ocrx_word' id='word_1_86' title='bbox 1622 1212 1680 1262; x_wconf 91' lang='lat' dir='ltr'><strong>te</strong></span> <span class='ocrx_word' id='word_1_87' title='bbox 1710 1201 1995 1261; x_wconf 84' lang='lat' dir='ltr'><strong>erroribus</strong></span> <span class='ocrx_word' id='word_1_88' title='bbox 2024 1210 2270 1277; x_wconf 89' lang='lat' dir='ltr'><strong>tuorum,</strong></span> 
     </span>
     <span class='ocr_line' id='line_1_13' title="bbox 288 1276 2462 1397; baseline -0 -54"><span class='ocrx_word' id='word_1_89' title='bbox 288 1286 395 1344; x_wconf 91' lang='lat' dir='ltr'><strong>etsi</strong></span> <span class='ocrx_word' id='word_1_90' title='bbox 425 1303 536 1345; x_wconf 90' lang='lat' dir='ltr'><strong>non</strong></span> <span class='ocrx_word' id='word_1_91' title='bbox 563 1285 731 1345; x_wconf 80' lang='lat' dir='ltr'><strong>fuerit</strong></span> <span class='ocrx_word' id='word_1_92' title='bbox 754 1288 849 1364; x_wconf 85' lang='lat' dir='ltr'><strong>qui</strong></span> <span class='ocrx_word' id='word_1_93' title='bbox 878 1277 1241 1367; x_wconf 70' lang='lat' dir='ltr'><strong>deprecetur,</strong></span> <span class='ocrx_word' id='word_1_94' title='bbox 1272 1285 1609 1365; x_wconf 84' lang='lat' dir='ltr'><strong>placabilem</strong></span> <span class='ocrx_word' id='word_1_95' title='bbox 1639 1294 1917 1365; x_wconf 85' lang='lat' dir='ltr'><strong>praestes.</strong></span> <span class='ocrx_word' id='word_1_96' title='bbox 1979 1283 2145 1344; x_wconf 89' lang='lat' dir='ltr'><strong>Vale.</strong></span> <span class='ocrx_word' id='word_1_97' title='bbox 2457 1276 2462 1397; x_wconf 37' lang='lat' dir='ltr'><strong>l</strong></span> 
     </span>
    </p>

    <p class='ocr_par' dir='ltr' id='par_1_6' title="bbox 783 1419 2354 1595">
     <span class='ocr_line' id='line_1_14' title="bbox 1184 1419 1360 1481; baseline -0.011 0"><span class='ocrx_word' id='word_1_98' title='bbox 1184 1419 1360 1481; x_wconf 89' lang='lat' dir='ltr'>XXV.</span> 
     </span>
     <span class='ocr_line' id='line_1_15' title="bbox 783 1518 2354 1595; baseline -0.001 -25"><span class='ocrx_word' id='word_1_99' title='bbox 783 1518 837 1571; x_wconf 81' lang='lat' dir='ltr'><strong>G.</strong></span> <span class='ocrx_word' id='word_1_100' title='bbox 873 1520 1120 1571; x_wconf 88' lang='lat' dir='ltr'>PLINIUS</span> <span class='ocrx_word' id='word_1_101' title='bbox 1154 1520 1520 1571; x_wconf 84' lang='lat' dir='ltr'>MAMILIANO</span> <span class='ocrx_word' id='word_1_102' title='bbox 1555 1519 1675 1570; x_wconf 91' lang='lat' dir='ltr'><strong>SUO</strong></span> <span class='ocrx_word' id='word_1_103' title='bbox 1712 1518 1763 1568; x_wconf 93' lang='lat' dir='ltr'><strong>S.</strong></span> <span class='ocrx_word' id='word_1_104' title='bbox 2290 1543 2354 1595; x_wconf 76' lang='lat'><strong>15</strong></span> 
     </span>
    </p>

    <p class='ocr_par' dir='ltr' id='par_1_7' title="bbox 240 1620 2273 1868">
     <span class='ocr_line' id='line_1_16' title="bbox 240 1620 2273 1699; baseline -0.002 -17"><span class='ocrx_word' id='word_1_105' title='bbox 240 1631 269 1682; x_wconf 93' lang='lat'>1</span> <span class='ocrx_word' id='word_1_106' title='bbox 409 1620 680 1694; x_wconf 83' lang='lat' dir='ltr'><strong>Quereris</strong></span> <span class='ocrx_word' id='word_1_107' title='bbox 723 1621 794 1681; x_wconf 89' lang='lat' dir='ltr'><strong>de</strong></span> <span class='ocrx_word' id='word_1_108' title='bbox 835 1622 995 1682; x_wconf 90' lang='lat' dir='ltr'><strong>turba</strong></span> <span class='ocrx_word' id='word_1_109' title='bbox 1043 1625 1407 1684; x_wconf 87' lang='lat' dir='ltr'><strong>castrensium</strong></span> <span class='ocrx_word' id='word_1_110' title='bbox 1453 1624 1842 1699; x_wconf 87' lang='lat' dir='ltr'><strong>negotiorum,</strong></span> <span class='ocrx_word' id='word_1_111' title='bbox 1892 1630 1950 1680; x_wconf 88' lang='lat' dir='ltr'><strong>et</strong></span> <span class='ocrx_word' id='word_1_112' title='bbox 1999 1628 2273 1698; x_wconf 83' lang='lat' dir='ltr'><strong>tamquam</strong></span> 
     </span>
     <span class='ocr_line' id='line_1_17' title="bbox 292 1704 2270 1783; baseline 0 -19"><span class='ocrx_word' id='word_1_113' title='bbox 292 1723 505 1765; x_wconf 87' lang='lat' dir='ltr'><strong>summo</strong></span> <span class='ocrx_word' id='word_1_114' title='bbox 537 1708 652 1764; x_wconf 89' lang='lat' dir='ltr'><strong>otio</strong></span> <span class='ocrx_word' id='word_1_115' title='bbox 694 1704 1018 1783; x_wconf 80' lang='lat' dir='ltr'><strong>perfruare,</strong></span> <span class='ocrx_word' id='word_1_116' title='bbox 1068 1705 1226 1767; x_wconf 91' lang='lat' dir='ltr'><strong>lusus</strong></span> <span class='ocrx_word' id='word_1_117' title='bbox 1264 1716 1321 1767; x_wconf 90' lang='lat' dir='ltr'><strong>et</strong></span> <span class='ocrx_word' id='word_1_118' title='bbox 1351 1709 1590 1783; x_wconf 89' lang='lat' dir='ltr'><strong>ineptias</strong></span> <span class='ocrx_word' id='word_1_119' title='bbox 1619 1715 1841 1766; x_wconf 86' lang='lat' dir='ltr'><strong>nostras</strong></span> <span class='ocrx_word' id='word_1_120' title='bbox 1871 1704 2055 1782; x_wconf 85' lang='lat' dir='ltr'><strong>legis,</strong></span> <span class='ocrx_word' id='word_1_121' title='bbox 2096 1722 2270 1781; x_wconf 86' lang='lat' dir='ltr'><strong>amas,</strong></span> 
     </span>
     <span class='ocr_line' id='line_1_18' title="bbox 292 1788 2271 1868; baseline -0.001 -21"><span class='ocrx_word' id='word_1_122' title='bbox 292 1788 541 1865; x_wconf 86' lang='lat' dir='ltr'><strong>flagitas,</strong></span> <span class='ocrx_word' id='word_1_123' title='bbox 590 1807 794 1868; x_wconf 87' lang='lat' dir='ltr'><strong>meque</strong></span> <span class='ocrx_word' id='word_1_124' title='bbox 832 1790 902 1852; x_wconf 91' lang='lat' dir='ltr'><strong>ad</strong></span> <span class='ocrx_word' id='word_1_125' title='bbox 942 1790 1141 1850; x_wconf 87' lang='lat' dir='ltr'><strong>similia</strong></span> <span class='ocrx_word' id='word_1_126' title='bbox 1182 1790 1472 1851; x_wconf 89' lang='lat' dir='ltr'><strong>condenda</strong></span> <span class='ocrx_word' id='word_1_127' title='bbox 1510 1808 1620 1850; x_wconf 91' lang='lat' dir='ltr'><strong>non</strong></span> <span class='ocrx_word' id='word_1_128' title='bbox 1666 1790 2029 1849; x_wconf 87' lang='lat' dir='ltr'><strong>mediocriter</strong></span> <span class='ocrx_word' id='word_1_129' title='bbox 2055 1791 2271 1847; x_wconf 88' lang='lat' dir='ltr'><strong>incitas.</strong></span> 
     </span>
    </p>

    <p class='ocr_par' dir='ltr' id='par_1_8' title="bbox 238 1870 2359 2037">
     <span class='ocr_line' id='line_1_19' title="bbox 238 1870 2274 1952; baseline -0.002 -17"><span class='ocrx_word' id='word_1_130' title='bbox 238 1870 508 1952; x_wconf 84' lang='lat' dir='ltr'><strong>21ncipio</strong></span> <span class='ocrx_word' id='word_1_131' title='bbox 540 1876 685 1933; x_wconf 90' lang='lat' dir='ltr'><strong>enim</strong></span> <span class='ocrx_word' id='word_1_132' title='bbox 726 1891 799 1935; x_wconf 89' lang='lat' dir='ltr'><strong>ex</strong></span> <span class='ocrx_word' id='word_1_133' title='bbox 839 1874 950 1935; x_wconf 91' lang='lat' dir='ltr'><strong>hoc</strong></span> <span class='ocrx_word' id='word_1_134' title='bbox 990 1892 1202 1951; x_wconf 84' lang='lat' dir='ltr'><strong>genere</strong></span> <span class='ocrx_word' id='word_1_135' title='bbox 1243 1875 1551 1936; x_wconf 88' lang='lat' dir='ltr'><strong>studiorum</strong></span> <span class='ocrx_word' id='word_1_136' title='bbox 1590 1891 1700 1935; x_wconf 91' lang='lat' dir='ltr'><strong>non</strong></span> <span class='ocrx_word' id='word_1_137' title='bbox 1731 1873 1913 1934; x_wconf 89' lang='lat' dir='ltr'><strong>solum</strong></span> <span class='ocrx_word' id='word_1_138' title='bbox 1944 1871 2274 1933; x_wconf 85' lang='lat' dir='ltr'><strong>oblectatio-</strong></span> 
     </span>
     <span class='ocr_line' id='line_1_20' title="bbox 289 1958 2359 2037; baseline 0.001 -19"><span class='ocrx_word' id='word_1_139' title='bbox 289 1975 417 2018; x_wconf 87' lang='lat' dir='ltr'><strong>nem</strong></span> <span class='ocrx_word' id='word_1_140' title='bbox 445 1976 640 2017; x_wconf 86' lang='lat' dir='ltr'><strong>verum</strong></span> <span class='ocrx_word' id='word_1_141' title='bbox 673 1960 838 2018; x_wconf 87' lang='lat' dir='ltr'><strong>etiam</strong></span> <span class='ocrx_word' id='word_1_142' title='bbox 870 1958 1103 2036; x_wconf 85' lang='lat' dir='ltr'><strong>gloriam</strong></span> <span class='ocrx_word' id='word_1_143' title='bbox 1132 1968 1334 2037; x_wconf 90' lang='lat' dir='ltr'><strong>petere</strong></span> <span class='ocrx_word' id='word_1_144' title='bbox 1365 1970 1496 2037; x_wconf 88' lang='lat' dir='ltr'><strong>post</strong></span> <span class='ocrx_word' id='word_1_145' title='bbox 1526 1960 1789 2019; x_wconf 91' lang='lat' dir='ltr'><strong>iudicium</strong></span> <span class='ocrx_word' id='word_1_146' title='bbox 1810 1967 1984 2035; x_wconf 88' lang='lat' dir='ltr'><strong>tuum,</strong></span> <span class='ocrx_word' id='word_1_147' title='bbox 2020 1959 2123 2016; x_wconf 87' lang='lat' dir='ltr'><strong>viri</strong></span> <span class='ocrx_word' id='word_1_148' title='bbox 2146 1973 2272 2033; x_wconf 90' lang='lat' dir='ltr'><strong>gra·</strong></span> <span class='ocrx_word' id='word_1_149' title='bbox 2290 1968 2359 2020; x_wconf 74' lang='lat'><strong>20</strong></span> 
     </span>
    </p>

    <p class='ocr_par' dir='ltr' id='par_1_9' title="bbox 237 2041 2274 2376">
     <span class='ocr_line' id='line_1_21' title="bbox 237 2041 2274 2121; baseline -0.002 -19"><span class='ocrx_word' id='word_1_150' title='bbox 237 2043 535 2116; x_wconf 83' lang='lat' dir='ltr'><strong>3vissimi,</strong></span> <span class='ocrx_word' id='word_1_151' title='bbox 571 2041 964 2120; x_wconf 83' lang='lat' dir='ltr'><strong>eruditissimi,</strong></span> <span class='ocrx_word' id='word_1_152' title='bbox 998 2060 1066 2101; x_wconf 83' lang='lat' dir='ltr'><strong>ac</strong></span> <span class='ocrx_word' id='word_1_153' title='bbox 1098 2061 1272 2121; x_wconf 89' lang='lat' dir='ltr'><strong>super</strong></span> <span class='ocrx_word' id='word_1_154' title='bbox 1300 2045 1406 2104; x_wconf 86' lang='lat' dir='ltr'><strong>ista</strong></span> <span class='ocrx_word' id='word_1_155' title='bbox 1437 2044 1736 2104; x_wconf 87' lang='lat' dir='ltr'><strong>verissimi.</strong></span> <span class='ocrx_word' id='word_1_156' title='bbox 1773 2041 1935 2101; x_wconf 88' lang='lat' dir='ltr'><strong>Nune</strong></span> <span class='ocrx_word' id='word_1_157' title='bbox 1966 2059 2055 2100; x_wconf 91' lang='lat' dir='ltr'><strong>me</strong></span> <span class='ocrx_word' id='word_1_158' title='bbox 2086 2058 2274 2100; x_wconf 92' lang='lat' dir='ltr'><strong>rerum</strong></span> 
     </span>
     <span class='ocr_line' id='line_1_22' title="bbox 291 2124 2273 2205; baseline -0.001 -21"><span class='ocrx_word' id='word_1_159' title='bbox 291 2133 447 2184; x_wconf 89' lang='lat' dir='ltr'><strong>actus</strong></span> <span class='ocrx_word' id='word_1_160' title='bbox 488 2124 710 2184; x_wconf 86' lang='lat' dir='ltr'><strong>modice</strong></span> <span class='ocrx_word' id='word_1_161' title='bbox 755 2125 858 2185; x_wconf 91' lang='lat' dir='ltr'><strong>sed</strong></span> <span class='ocrx_word' id='word_1_162' title='bbox 896 2134 1079 2185; x_wconf 87' lang='lat' dir='ltr'><strong>tamen</strong></span> <span class='ocrx_word' id='word_1_163' title='bbox 1121 2126 1450 2204; x_wconf 86' lang='lat' dir='ltr'><strong>destringit;</strong></span> <span class='ocrx_word' id='word_1_164' title='bbox 1494 2146 1605 2205; x_wconf 86' lang='lat' dir='ltr'><strong>quo</strong></span> <span class='ocrx_word' id='word_1_165' title='bbox 1649 2127 1801 2185; x_wconf 83' lang='lat' dir='ltr'><strong>finito</strong></span> <span class='ocrx_word' id='word_1_166' title='bbox 1831 2124 2039 2204; x_wconf 86' lang='lat' dir='ltr'><strong>aliquid</strong></span> <span class='ocrx_word' id='word_1_167' title='bbox 2076 2142 2273 2184; x_wconf 90' lang='lat' dir='ltr'><strong>earun-</strong></span> 
     </span>
     <span class='ocr_line' id='line_1_23' title="bbox 291 2206 2273 2287; baseline 0 -21"><span class='ocrx_word' id='word_1_168' title='bbox 291 2208 418 2266; x_wconf 90' lang='lat' dir='ltr'><strong>dem</strong></span> <span class='ocrx_word' id='word_1_169' title='bbox 461 2206 823 2267; x_wconf 85' lang='lat' dir='ltr'><strong>Camenarum</strong></span> <span class='ocrx_word' id='word_1_170' title='bbox 864 2211 920 2268; x_wconf 92' lang='lat' dir='ltr'><strong>in</strong></span> <span class='ocrx_word' id='word_1_171' title='bbox 963 2212 1127 2268; x_wconf 90' lang='lat' dir='ltr'><strong>istum</strong></span> <span class='ocrx_word' id='word_1_172' title='bbox 1170 2211 1630 2287; x_wconf 88' lang='lat' dir='ltr'><strong>benignissimum</strong></span> <span class='ocrx_word' id='word_1_173' title='bbox 1670 2213 1848 2269; x_wconf 90' lang='lat' dir='ltr'><strong>sinum</strong></span> <span class='ocrx_word' id='word_1_174' title='bbox 1886 2211 2112 2268; x_wconf 89' lang='lat' dir='ltr'><strong>mittam.</strong></span> <span class='ocrx_word' id='word_1_175' title='bbox 2188 2206 2273 2266; x_wconf 87' lang='lat' dir='ltr'><strong>Tu</strong></span> 
     </span>
     <span class='ocr_line' id='line_1_24' title="bbox 290 2291 2274 2376; baseline 0.001 -27"><span class='ocrx_word' id='word_1_176' title='bbox 290 2291 636 2368; x_wconf 88' lang='lat' dir='ltr'><strong>passerculis</strong></span> <span class='ocrx_word' id='word_1_177' title='bbox 680 2300 737 2350; x_wconf 91' lang='lat' dir='ltr'><strong>et</strong></span> <span class='ocrx_word' id='word_1_178' title='bbox 781 2291 1116 2352; x_wconf 88' lang='lat' dir='ltr'><strong>columbulis</strong></span> <span class='ocrx_word' id='word_1_179' title='bbox 1156 2297 1363 2354; x_wconf 90' lang='lat' dir='ltr'><strong>nostris</strong></span> <span class='ocrx_word' id='word_1_180' title='bbox 1407 2297 1553 2354; x_wconf 87' lang='lat' dir='ltr'><strong>inter</strong></span> <span class='ocrx_word' id='word_1_181' title='bbox 1598 2294 1810 2376; x_wconf 90' lang='lat' dir='ltr'><strong>aquilas</strong></span> <span class='ocrx_word' id='word_1_182' title='bbox 1849 2303 2070 2353; x_wconf 87' lang='lat' dir='ltr'><strong>vestras</strong></span> <span class='ocrx_word' id='word_1_183' title='bbox 2112 2291 2274 2351; x_wconf 89' lang='lat' dir='ltr'><strong>dabis</strong></span> 
     </span>
    </p>
   </div>
   <div class='ocr_carea' id='block_1_6' title="bbox 289 2376 2360 2522">
    <p class='ocr_par' dir='ltr' id='par_1_10' title="bbox 289 2376 2360 2522">
     <span class='ocr_line' id='line_1_25' title="bbox 289 2376 2360 2457; baseline 0.002 -26"><span class='ocrx_word' id='word_1_184' title='bbox 289 2391 525 2451; x_wconf 91' lang='lat' dir='ltr'><strong>pennas,</strong></span> <span class='ocrx_word' id='word_1_185' title='bbox 560 2376 607 2433; x_wconf 87' lang='lat' dir='ltr'><strong>si</strong></span> <span class='ocrx_word' id='word_1_186' title='bbox 639 2382 821 2433; x_wconf 87' lang='lat' dir='ltr'><strong>tamen</strong></span> <span class='ocrx_word' id='word_1_187' title='bbox 853 2383 910 2434; x_wconf 90' lang='lat' dir='ltr'><strong>et</strong></span> <span class='ocrx_word' id='word_1_188' title='bbox 939 2376 1046 2435; x_wconf 91' lang='lat' dir='ltr'><strong>sibi</strong></span> <span class='ocrx_word' id='word_1_189' title='bbox 1077 2387 1135 2436; x_wconf 91' lang='lat' dir='ltr'><strong>et</strong></span> <span class='ocrx_word' id='word_1_190' title='bbox 1163 2378 1264 2437; x_wconf 91' lang='lat' dir='ltr'><strong>tibi</strong></span> <span class='ocrx_word' id='word_1_191' title='bbox 1289 2378 1622 2457; x_wconf 88' lang='lat' dir='ltr'><strong>placebunt:</strong></span> <span class='ocrx_word' id='word_1_192' title='bbox 1654 2381 1702 2438; x_wconf 86' lang='lat' dir='ltr'><strong>si</strong></span> <span class='ocrx_word' id='word_1_193' title='bbox 1732 2387 1941 2438; x_wconf 88' lang='lat' dir='ltr'><strong>tantum</strong></span> <span class='ocrx_word' id='word_1_194' title='bbox 1975 2378 2106 2454; x_wconf 88' lang='lat' dir='ltr'><strong>sibi,</strong></span> <span class='ocrx_word' id='word_1_195' title='bbox 2139 2393 2274 2436; x_wconf 90' lang='lat' dir='ltr'><strong>con·</strong></span> <span class='ocrx_word' id='word_1_196' title='bbox 2292 2391 2360 2443; x_wconf 86' lang='lat'><strong>25</strong></span> 
     </span>
     <span class='ocr_line' id='line_1_26' title="bbox 290 2457 1481 2522; baseline 0.006 -7"><span class='ocrx_word' id='word_1_197' title='bbox 290 2457 549 2517; x_wconf 88' lang='lat' dir='ltr'><strong>tinendos</strong></span> <span class='ocrx_word' id='word_1_198' title='bbox 575 2476 748 2517; x_wconf 89' lang='lat' dir='ltr'><strong>cavea</strong></span> <span class='ocrx_word' id='word_1_199' title='bbox 780 2460 987 2520; x_wconf 88' lang='lat' dir='ltr'><strong>nidove</strong></span> <span class='ocrx_word' id='word_1_200' title='bbox 1018 2461 1261 2521; x_wconf 86' lang='lat' dir='ltr'><strong>curabis.</strong></span> <span class='ocrx_word' id='word_1_201' title='bbox 1323 2462 1481 2522; x_wconf 91' lang='lat' dir='ltr'><strong>Vale.</strong></span> 
     </span>
    </p>
   </div>
   <div class='ocr_carea' id='block_1_7' title="bbox 821 2594 1735 2746">
    <p class='ocr_par' dir='ltr' id='par_1_11' title="bbox 821 2594 1735 2746">
     <span class='ocr_line' id='line_1_27' title="bbox 1176 2594 1383 2656; baseline -0.019 1"><span class='ocrx_word' id='word_1_202' title='bbox 1176 2594 1383 2656; x_wconf 88' lang='lat' dir='ltr'><strong>XXVI.</strong></span> 
     </span>
     <span class='ocr_line' id='line_1_28' title="bbox 821 2693 1735 2746; baseline -0.001 -1"><span class='ocrx_word' id='word_1_203' title='bbox 821 2693 874 2745; x_wconf 81' lang='lat' dir='ltr'><strong>G.</strong></span> <span class='ocrx_word' id='word_1_204' title='bbox 919 2695 1166 2746; x_wconf 78' lang='lat' dir='ltr'>PLINHJS</span> <span class='ocrx_word' id='word_1_205' title='bbox 1204 2694 1495 2746; x_wconf 82' lang='lat' dir='ltr'>LUPERGO</span> <span class='ocrx_word' id='word_1_206' title='bbox 1532 2694 1652 2746; x_wconf 81' lang='lat' dir='ltr'><strong>suo</strong></span> <span class='ocrx_word' id='word_1_207' title='bbox 1684 2693 1735 2744; x_wconf 78' lang='lat' dir='ltr'><strong>s,</strong></span> 
     </span>
    </p>
   </div>
   <div class='ocr_carea' id='block_1_8' title="bbox 239 2794 2364 3544">
    <p class='ocr_par' dir='ltr' id='par_1_12' title="bbox 240 2794 2363 2959">
     <span class='ocr_line' id='line_1_29' title="bbox 240 2794 2363 2874; baseline -0.001 -15"><span class='ocrx_word' id='word_1_208' title='bbox 240 2808 270 2859; x_wconf 88' lang='lat'>1</span> <span class='ocrx_word' id='word_1_209' title='bbox 411 2794 540 2855; x_wconf 83' lang='lat' dir='ltr'><strong>Dixi</strong></span> <span class='ocrx_word' id='word_1_210' title='bbox 583 2795 653 2856; x_wconf 91' lang='lat' dir='ltr'><strong>de</strong></span> <span class='ocrx_word' id='word_1_211' title='bbox 694 2795 932 2874; x_wconf 86' lang='lat' dir='ltr'><strong>quodam</strong></span> <span class='ocrx_word' id='word_1_212' title='bbox 977 2807 1199 2858; x_wconf 87' lang='lat' dir='ltr'><strong>oratore</strong></span> <span class='ocrx_word' id='word_1_213' title='bbox 1243 2796 1456 2857; x_wconf 90' lang='lat' dir='ltr'><strong>saeculi</strong></span> <span class='ocrx_word' id='word_1_214' title='bbox 1501 2799 1712 2874; x_wconf 79' lang='lat' dir='ltr'><strong>nostri,</strong></span> <span class='ocrx_word' id='word_1_215' title='bbox 1754 2806 1916 2856; x_wconf 90' lang='lat' dir='ltr'><strong>recto</strong></span> <span class='ocrx_word' id='word_1_216' title='bbox 1962 2796 2187 2874; x_wconf 87' lang='lat' dir='ltr'><strong>quidem</strong></span> <span class='ocrx_word' id='word_1_217' title='bbox 2220 2802 2363 2856; x_wconf 83' lang='lat' dir='ltr'><strong>et30</strong></span> 
     </span>
     <span class='ocr_line' id='line_1_30' title="bbox 291 2879 2277 2959; baseline 0.001 -22"><span class='ocrx_word' id='word_1_218' title='bbox 291 2897 450 2956; x_wconf 91' lang='lat' dir='ltr'><strong>sano,</strong></span> <span class='ocrx_word' id='word_1_219' title='bbox 481 2879 582 2940; x_wconf 88' lang='lat' dir='ltr'><strong>sed</strong></span> <span class='ocrx_word' id='word_1_220' title='bbox 607 2899 800 2959; x_wconf 89' lang='lat' dir='ltr'><strong>parum</strong></span> <span class='ocrx_word' id='word_1_221' title='bbox 827 2881 1021 2958; x_wconf 86' lang='lat' dir='ltr'><strong>grandi</strong></span> <span class='ocrx_word' id='word_1_222' title='bbox 1047 2891 1103 2941; x_wconf 91' lang='lat' dir='ltr'><strong>et</strong></span> <span class='ocrx_word' id='word_1_223' title='bbox 1130 2891 1348 2957; x_wconf 90' lang='lat' dir='ltr'><strong>ornato,</strong></span> <span class='ocrx_word' id='word_1_224' title='bbox 1373 2891 1432 2940; x_wconf 91' lang='lat' dir='ltr'><strong>ut</strong></span> <span class='ocrx_word' id='word_1_225' title='bbox 1456 2883 1675 2958; x_wconf 84' lang='lat' dir='ltr'><strong>opinor,</strong></span> <span class='ocrx_word' id='word_1_226' title='bbox 1708 2890 1839 2958; x_wconf 90' lang='lat' dir='ltr'><strong>apte</strong></span> <span class='ocrx_word' id='word_1_227' title='bbox 1865 2880 2025 2939; x_wconf 75' lang='lat' dir='ltr'><strong>‘nihil</strong></span> <span class='ocrx_word' id='word_1_228' title='bbox 2047 2889 2277 2958; x_wconf 84' lang='lat' dir='ltr'><strong>peceat,</strong></span> 
     </span>
    </p>

    <p class='ocr_par' dir='ltr' id='par_1_13' title="bbox 239 2963 2364 3375">
     <span class='ocr_line' id='line_1_31' title="bbox 239 2963 2278 3044; baseline -0.001 -21"><span class='ocrx_word' id='word_1_229' title='bbox 239 2964 394 3023; x_wconf 79' lang='lat' dir='ltr'><strong>2nisi</strong></span> <span class='ocrx_word' id='word_1_230' title='bbox 427 2963 576 3040; x_wconf 90' lang='lat' dir='ltr'><strong>quod</strong></span> <span class='ocrx_word' id='word_1_231' title='bbox 610 2964 746 3024; x_wconf 87' lang='lat' dir='ltr'><strong>nihil</strong></span> <span class='ocrx_word' id='word_1_232' title='bbox 776 2971 1023 3044; x_wconf 63' lang='lat' dir='ltr'><strong>peceat)</strong></span> <span class='ocrx_word' id='word_1_233' title='bbox 1067 2965 1258 3024; x_wconf 89' lang='lat' dir='ltr'><strong>Debet</strong></span> <span class='ocrx_word' id='word_1_234' title='bbox 1285 2967 1430 3025; x_wconf 89' lang='lat' dir='ltr'><strong>enim</strong></span> <span class='ocrx_word' id='word_1_235' title='bbox 1464 2975 1651 3025; x_wconf 86' lang='lat' dir='ltr'><strong>orator</strong></span> <span class='ocrx_word' id='word_1_236' title='bbox 1679 2965 1843 3041; x_wconf 84' lang='lat' dir='ltr'><strong>erigi,</strong></span> <span class='ocrx_word' id='word_1_237' title='bbox 1876 2963 2076 3040; x_wconf 89' lang='lat' dir='ltr'><strong>attolli,</strong></span> <span class='ocrx_word' id='word_1_238' title='bbox 2107 2966 2278 3022; x_wconf 86' lang='lat' dir='ltr'><strong>inter-</strong></span> 
     </span>
     <span class='ocr_line' id='line_1_32' title="bbox 293 3043 2279 3126; baseline 0.003 -25"><span class='ocrx_word' id='word_1_239' title='bbox 293 3043 420 3101; x_wconf 90' lang='lat' dir='ltr'><strong>dum</strong></span> <span class='ocrx_word' id='word_1_240' title='bbox 451 3048 616 3104; x_wconf 91' lang='lat' dir='ltr'><strong>etiam</strong></span> <span class='ocrx_word' id='word_1_241' title='bbox 646 3048 1066 3126; x_wconf 83' lang='lat' dir='ltr'><strong>effervescere,</strong></span> <span class='ocrx_word' id='word_1_242' title='bbox 1114 3050 1340 3125; x_wconf 83' lang='lat' dir='ltr'><strong>efferri,</strong></span> <span class='ocrx_word' id='word_1_243' title='bbox 1389 3067 1455 3108; x_wconf 88' lang='lat' dir='ltr'><strong>ac</strong></span> <span class='ocrx_word' id='word_1_244' title='bbox 1499 3066 1675 3125; x_wconf 89' lang='lat' dir='ltr'><strong>saepe</strong></span> <span class='ocrx_word' id='word_1_245' title='bbox 1707 3047 1986 3108; x_wconf 86' lang='lat' dir='ltr'><strong>accedere</strong></span> <span class='ocrx_word' id='word_1_246' title='bbox 2020 3048 2087 3106; x_wconf 90' lang='lat' dir='ltr'><strong>ad</strong></span> <span class='ocrx_word' id='word_1_247' title='bbox 2116 3065 2279 3125; x_wconf 88' lang='lat' dir='ltr'><strong>prae-</strong></span> 
     </span>
     <span class='ocr_line' id='line_1_33' title="bbox 293 3127 2347 3209; baseline 0.003 -26"><span class='ocrx_word' id='word_1_248' title='bbox 293 3144 452 3203; x_wconf 88' lang='lat' dir='ltr'><strong>ceps.</strong></span> <span class='ocrx_word' id='word_1_249' title='bbox 497 3127 636 3186; x_wconf 85' lang='lat' dir='ltr'><strong>Nam</strong></span> <span class='ocrx_word' id='word_1_250' title='bbox 665 3131 997 3209; x_wconf 85' lang='lat' dir='ltr'><strong>plerumque</strong></span> <span class='ocrx_word' id='word_1_251' title='bbox 1025 3132 1150 3192; x_wconf 87' lang='lat' dir='ltr'><strong>altis</strong></span> <span class='ocrx_word' id='word_1_252' title='bbox 1176 3141 1232 3190; x_wconf 92' lang='lat' dir='ltr'><strong>et</strong></span> <span class='ocrx_word' id='word_1_253' title='bbox 1257 3131 1505 3193; x_wconf 85' lang='lat' dir='ltr'><strong>excelsis</strong></span> <span class='ocrx_word' id='word_1_254' title='bbox 1536 3132 1791 3191; x_wconf 87' lang='lat' dir='ltr'><strong>adiacent</strong></span> <span class='ocrx_word' id='word_1_255' title='bbox 1817 3131 2079 3209; x_wconf 87' lang='lat' dir='ltr'><strong>abrupta:</strong></span> <span class='ocrx_word' id='word_1_256' title='bbox 2105 3132 2279 3190; x_wconf 90' lang='lat' dir='ltr'><strong>tutius</strong></span> <span class='ocrx_word' id='word_1_257' title='bbox 2343 3129 2347 3132; x_wconf 76' lang='grc'><strong>’</strong></span> 
     </span>
     <span class='ocr_line' id='line_1_34' title="bbox 292 3209 2364 3294; baseline 0.005 -26"><span class='ocrx_word' id='word_1_258' title='bbox 292 3226 397 3287; x_wconf 91' lang='lat' dir='ltr'><strong>per</strong></span> <span class='ocrx_word' id='word_1_259' title='bbox 419 3209 582 3285; x_wconf 87' lang='lat' dir='ltr'><strong>plana</strong></span> <span class='ocrx_word' id='word_1_260' title='bbox 612 3213 714 3271; x_wconf 89' lang='lat' dir='ltr'><strong>sed</strong></span> <span class='ocrx_word' id='word_1_261' title='bbox 738 3215 1001 3275; x_wconf 90' lang='lat' dir='ltr'><strong>humilius</strong></span> <span class='ocrx_word' id='word_1_262' title='bbox 1036 3225 1094 3275; x_wconf 89' lang='lat' dir='ltr'><strong>et</strong></span> <span class='ocrx_word' id='word_1_263' title='bbox 1119 3214 1450 3294; x_wconf 88' lang='lat' dir='ltr'><strong>depressius</strong></span> <span class='ocrx_word' id='word_1_264' title='bbox 1480 3219 1614 3275; x_wconf 90' lang='lat' dir='ltr'><strong>iter:</strong></span> <span class='ocrx_word' id='word_1_265' title='bbox 1660 3215 2013 3293; x_wconf 86' lang='lat' dir='ltr'><strong>frequentior</strong></span> <span class='ocrx_word' id='word_1_266' title='bbox 2049 3232 2278 3273; x_wconf 90' lang='lat' dir='ltr'><strong>curren·</strong></span> <span class='ocrx_word' id='word_1_267' title='bbox 2296 3225 2364 3279; x_wconf 81' lang='lat'><strong>35</strong></span> 
     </span>
     <span class='ocr_line' id='line_1_35' title="bbox 293 3293 2278 3375; baseline 0.003 -24"><span class='ocrx_word' id='word_1_268' title='bbox 293 3293 440 3352; x_wconf 89' lang='lat' dir='ltr'><strong>tibus</strong></span> <span class='ocrx_word' id='word_1_269' title='bbox 479 3311 639 3368; x_wconf 90' lang='lat' dir='ltr'><strong>quam</strong></span> <span class='ocrx_word' id='word_1_270' title='bbox 682 3299 1027 3371; x_wconf 86' lang='lat' dir='ltr'><strong>reptantibus</strong></span> <span class='ocrx_word' id='word_1_271' title='bbox 1061 3298 1289 3375; x_wconf 87' lang='lat' dir='ltr'><strong>lapsus,</strong></span> <span class='ocrx_word' id='word_1_272' title='bbox 1338 3299 1440 3358; x_wconf 90' lang='lat' dir='ltr'><strong>sed</strong></span> <span class='ocrx_word' id='word_1_273' title='bbox 1481 3299 1568 3358; x_wconf 87' lang='lat' dir='ltr'><strong>his</strong></span> <span class='ocrx_word' id='word_1_274' title='bbox 1608 3317 1717 3359; x_wconf 90' lang='lat' dir='ltr'><strong>non</strong></span> <span class='ocrx_word' id='word_1_275' title='bbox 1760 3299 2076 3358; x_wconf 89' lang='lat' dir='ltr'><strong>labentibus</strong></span> <span class='ocrx_word' id='word_1_276' title='bbox 2104 3297 2278 3372; x_wconf 86' lang='lat' dir='ltr'><strong>nulla,</strong></span> 
     </span>
    </p>

    <p class='ocr_par' dir='ltr' id='par_1_14' title="bbox 240 3376 2279 3544">
     <span class='ocr_line' id='line_1_36' title="bbox 240 3376 2279 3460; baseline 0.003 -23"><span class='ocrx_word' id='word_1_277' title='bbox 240 3376 403 3438; x_wconf 83' lang='lat' dir='ltr'><strong>3illis</strong></span> <span class='ocrx_word' id='word_1_278' title='bbox 433 3391 546 3434; x_wconf 91' lang='lat' dir='ltr'><strong>non</strong></span> <span class='ocrx_word' id='word_1_279' title='bbox 585 3376 735 3435; x_wconf 88' lang='lat' dir='ltr'><strong>nulla</strong></span> <span class='ocrx_word' id='word_1_280' title='bbox 776 3376 929 3452; x_wconf 77' lang='lat' dir='ltr'><strong>lauS,</strong></span> <span class='ocrx_word' id='word_1_281' title='bbox 976 3382 1191 3440; x_wconf 88' lang='lat' dir='ltr'><strong>etiamsi</strong></span> <span class='ocrx_word' id='word_1_282' title='bbox 1235 3380 1509 3441; x_wconf 88' lang='lat' dir='ltr'><strong>labantur.</strong></span> <span class='ocrx_word' id='word_1_283' title='bbox 1571 3382 1708 3441; x_wconf 91' lang='lat' dir='ltr'><strong>Nam</strong></span> <span class='ocrx_word' id='word_1_284' title='bbox 1737 3391 1795 3440; x_wconf 89' lang='lat' dir='ltr'><strong>ut</strong></span> <span class='ocrx_word' id='word_1_285' title='bbox 1827 3382 2093 3460; x_wconf 88' lang='lat' dir='ltr'><strong>quasdam</strong></span> <span class='ocrx_word' id='word_1_286' title='bbox 2127 3392 2279 3443; x_wconf 88' lang='lat' dir='ltr'><strong>artes</strong></span> 
     </span>
     <span class='ocr_line' id='line_1_37' title="bbox 295 3457 2279 3544; baseline 0.005 -26"><span class='ocrx_word' id='word_1_287' title='bbox 295 3469 371 3520; x_wconf 78' lang='lat' dir='ltr'><strong>ita</strong></span> <span class='ocrx_word' id='word_1_288' title='bbox 394 3457 771 3535; x_wconf 86' lang='lat' dir='ltr'><strong>eloquentiam</strong></span> <span class='ocrx_word' id='word_1_289' title='bbox 797 3459 932 3518; x_wconf 89' lang='lat' dir='ltr'><strong>nihil</strong></span> <span class='ocrx_word' id='word_1_290' title='bbox 962 3464 1138 3537; x_wconf 83' lang='lat' dir='ltr'><strong>magis</strong></span> <span class='ocrx_word' id='word_1_291' title='bbox 1170 3482 1334 3541; x_wconf 87' lang='lat' dir='ltr'><strong>quam</strong></span> <span class='ocrx_word' id='word_1_292' title='bbox 1362 3468 1622 3544; x_wconf 89' lang='lat' dir='ltr'><strong>ancipitia</strong></span> <span class='ocrx_word' id='word_1_293' title='bbox 1653 3467 2056 3526; x_wconf 86' lang='lat' dir='ltr'><strong>commendant.</strong></span> <span class='ocrx_word' id='word_1_294' title='bbox 2104 3464 2279 3527; x_wconf 88' lang='lat' dir='ltr'><strong>Vides</strong></span> 
     </span>
    </p>
   </div>
  </div>
 </body>
</html>
