2467 3850
302 169 426 234 214
894 170 962 231 c,
998 168 1190 232 rum
1231 170 1329 232 m·
1372 169 1682 233 ramur
1751 134 1754 139 ’

1089 321 1282 383 XLVI.
1329 320 1484 402 [mn]

965 422 1287 474 TRAIANUS
1320 422 1529 474 PLINIO
1565 423 1619 477 S.

421 523 735 603 Diplomata
763 542 999 603 quorum
1024 527 1362 605 praeteritus
1389 535 1478 586 est
1509 523 1635 585 dies
1663 540 1777 585 non
1818 524 2027 585 debent
2053 543 2187 586 esse
2215 527 2274 585 in
2307 592 2313 600 ,

301 625 435 669 usu:
477 606 606 670 ideo
652 610 797 669 inter
826 610 1002 688 prima
1038 611 1267 687 iniungo
1307 609 1438 669 mibi
1472 618 1533 669 ιιι
1574 626 1680 687 per
1716 625 1912 670 omnes
1952 609 2273 688 provincias

300 701 430 752 ante
456 692 667 754 mittam
699 710 845 754 nova
874 692 1174 772 diplomata
1204 711 1370 771 quam
1399 692 1704 753 desiderari
1730 695 1968 772 possint.
2284 705 2320 759 5

1057 839 1279 902 xnvu.
1323 838 1508 918 [rvr]

737 940 792 991 G.
829 939 1076 992 PLINIUS
1108 939 1394 990 TRAIANO
1431 939 1837 994 IMPERATORI.

248 1059 278 1111 1
426 1043 565 1106 Cum
591 1046 817 1126 vellem,
851 1044 1094 1124 domine,
1126 1045 1409 1126 Apameae
1435 1062 1789 1123 cognoscere
1820 1045 2079 1125 publicos
2112 1044 2271 1107 debi-

297 1138 454 1190 tores
484 1141 540 1190 et
568 1130 804 1192 reditum
834 1139 891 1191 et
919 1128 1211 1209 inpendia,
1252 1145 1589 1208 responsum
1619 1139 1708 1190 est
1740 1129 1873 1189 mihi
1903 1147 2115 1209 cupere
2146 1132 2267 1210 qui·
2286 1143 2355 1196 10

299 1214 426 1274 dem
469 1216 764 1275 universos
803 1223 865 1274 ut
903 1231 935 1273 a
980 1233 1071 1274 me
1114 1217 1363 1275 rationes
1408 1212 1667 1289 coloniae
1710 1212 2070 1291 legerentur,
2113 1233 2270 1274 nnm-

297 1315 463 1376 quam
496 1307 679 1359 tamen
719 1316 853 1359 esse
886 1296 1063 1358 lectas
1091 1298 1159 1358 ab
1189 1297 1307 1358 ullo
1334 1296 1762 1377 proconsulum,
1805 1297 2070 1361 habuisse
2099 1300 2270 1377 privi-

298 1379 510 1460 legium
540 1391 597 1443 et
625 1383 1063 1443 vetustissimum
1091 1399 1306 1442 morem
1330 1380 1557 1442 arbitrio
1586 1399 1690 1442 suo
1721 1398 1842 1442 rem
1865 1382 2145 1459 publicam
2174 1382 2269 1444 ad-

250 1468 626 1529 2ministrare.
667 1464 851 1543 Exegi
883 1474 942 1525 ut
970 1483 1113 1545 quae
1142 1465 1402 1526 dicebant
1436 1483 1692 1544 quaeque
1730 1466 2034 1527 recitabant
2069 1465 2268 1526 libello

299 1540 829 1627 con'plecterentur‚
878 1567 1043 1627 quem
1065 1549 1166 1610 tibi
1202 1547 1424 1628 qualem
1455 1566 1790 1627 acceperam
1816 1550 1973 1627 misi,
2019 1551 2269 1627 quamvis
2287 1563 2350 1616 15
2451 1606 2457 1627 ‚

295 1633 688 1711 intellegerem
720 1633 990 1712 pleraque
1024 1651 1097 1693 ex
1125 1633 1226 1693 illo
1256 1631 1326 1692 ad
1356 1632 1412 1692 id
1449 1634 1518 1694 de
1542 1651 1655 1711 quo
1684 1635 1967 1710 quaeritur
1996 1651 2108 1692 non
2135 1651 2267 1711 per-

241 1719 495 1781 3tinere.
553 1715 634 1778 Te
675 1734 819 1794 rogo
855 1727 913 1778 ut
956 1716 1087 1777 mihi
1127 1718 1463 1796 praecipere
1505 1716 1752 1795 digneris
1800 1716 1931 1795 quid
1972 1735 2062 1777 me
2101 1725 2269 1794 putes

296 1802 602 1862 observare
647 1801 877 1863 debere.
930 1801 1150 1862 Vereor
1170 1803 1318 1862 enim
1346 1818 1419 1861 ne
1448 1809 1543 1862 aut
1572 1801 1899 1863 excessisse
1926 1809 2020 1861 aut
2046 1818 2160 1860 non
2185 1802 2269 1860 in·

295 1883 492 1965 plesse
521 1886 693 1948 officii
723 1886 836 1946 mei
865 1893 1052 1966 partes
1085 1885 1297 1946 videar.

1038 2001 1283 2096 ‘xlivnr
1316 2032 1526 2112 [Lm]

948 2131 1272 2185 TRAIANUS
1308 2132 1516 2185 PLINIO
1555 2132 1608 2186 S.

190 2253 219 2271 *
247 2252 277 2304 1
417 2235 664 2296 Libellus
691 2237 1065 2315 Apameorum
1108 2256 1276 2316 quem
1304 2236 1581 2317 epistulae
1607 2245 1735 2297 tuae
1762 2238 2019 2298 iunxeras
2050 2236 2268 2297 remisit

292 2318 423 2378 mihi
450 2322 850 2381 necessitatem
877 2321 1264 2401 perpendendi
1294 2320 1478 2400 qualia
1500 2331 1713 2399 essent,
1744 2330 1980 2400 propter
2007 2338 2151 2399 quae
2180 2322 2263 2379 vi-

291 2401 414 2462 deri
453 2403 648 2464 volunt
689 2422 792 2465 eos
828 2408 923 2484 qui
965 2424 1067 2485 pro
1113 2406 1439 2467 consulibus
1477 2405 1621 2465 hanc
1662 2407 2004 2483 provinciam
2045 2405 2346 2465 obtinu·25

294 2496 455 2547 erunt
486 2487 822 2550 abstinuisse
850 2492 1261 2568 inspectatione
1290 2492 1562 2550 rationum
1595 2507 1851 2566 suarum,
1884 2506 2011 2548 cum
2039 2491 2166 2566 ipse
2203 2498 2265 2548 ut

237 2584 272 2636 2
293 2587 388 2631 eas
416 2573 731 2650 inspiceres
760 2591 872 2633 non
900 2576 1304 2635 recusaverint.
1367 2571 1787 2633 Remuneranda
1817 2582 1906 2633 est
1935 2574 2102 2649 igitur
2130 2590 2264 2651 pro-

289 2656 431 2716 bitas
466 2673 692 2733 eorum,
731 2666 790 2717 ut
832 2658 939 2717 iam
966 2675 1114 2717 nunc
1145 2659 1323 2718 sciant
1357 2656 1470 2717 hoc
1505 2656 1655 2735 quod
1692 2658 2047 2734 inspecturus
2083 2674 2148 2715 es
2189 2673 2266 2716 ex

287 2756 411 2800 mea
439 2740 724 2802 voluntate
755 2740 924 2802 salvis
954 2758 1099 2818 quae
1126 2740 1334 2800 hahent
1361 2739 1675 2819 privilegiis
1704 2757 1836 2802 esse
1865 2739 2155 2800 facturum.

986 2888 1264 2951 xbvlm.
1307 2887 1550 2968 [mur]

718 2987 772 3041 C.
809 2987 1054 3039 PLINIUS
1091 2988 1380 3040 TRAIANO
1415 2988 1827 3041 IMPERATORI.

244 3094 274 3146 1
414 3084 559 3145 Ante
593 3088 888 3148 adventum
922 3106 1136 3167 meum,
1171 3089 1426 3168 domine,
1459 3089 1905 3150 Nicomedenses
1934 3090 2106 3169 priori
2133 3087 2263 3147 foro

287 3182 494 3225 novum
521 3169 744 3245 adicere
776 3180 1118 3251 coeperunt,
1162 3174 1321 3233 cuius
1351 3175 1409 3232 in
1436 3173 1641 3250 angulo
1676 3182 1769 3233 est
1794 3172 1966 3233 aedes
1996 3174 2264 3233 vetustis-

288 3250 425 3310 sima
461 3250 653 3316 Matris
691 3253 927 3332 Magnae
971 3264 1065 3314 aut
1104 3256 1408 3316 reficienda
1443 3266 1535 3316 aut
1578 3255 1990 3324 transferenda3
2035 3256 2109 3315 ob
2151 3256 2345 3322 hoc35

291 3336 616 3412 praecipue,
654 3337 807 3416 quod
827 3346 915 3396 est
945 3337 1119 3397 multo
1160 3339 1488 3416 depressior
1517 3358 1693 3420 opere
1724 3358 1794 3401 eo
1826 3338 1978 3418 quod
2001 3358 2128 3398 cum
2148 3357 2263 3401 ma-

238 3416 439 3476 2xime
464 3422 657 3496 surgit.
722 3418 852 3494 Ego
897 3437 1022 3477 cum
1051 3438 1384 3498 quaererem
1420 3441 1549 3483 num
1580 3432 1736 3486 esset
1763 3422 1948 3503 aliqua
1981 3422 2080 3483 lex
2113 3422 2265 3485 dicta

2280 1980 2350 2033 20

2277 2851 2344 2905 30
