2467 3850
507 184 1020 248 EPISTULARUM
1051 194 1311 250 68.—74.
1348 187 1547 263 [73.-
1564 192 1649 248 78.
1675 186 1782 262 16.]
2007 185 2131 250 223

144 341 418 417 iusseris,
461 350 701 419 propter
736 340 1209 419 opportunitatem
1236 337 1354 397 loci
1395 354 1501 416 pro
1531 354 1744 396 summo
1773 354 2005 398 munere
2035 355 2128 399 ac-

148 427 343 504 cipiet.
384 423 534 502 Ego,
571 427 619 484 si
650 428 997 502 permiseriS,
1035 425 1227 500 cogito
1256 425 1313 481 in
1339 439 1468 480 area
1496 439 1672 480 vacua
1695 420 1974 481 balineum
1997 428 2180 481 con-3

145 510 377 585 locare,
421 527 547 567 eum
589 517 773 568 autem
817 508 1005 567 locum
1047 509 1103 565 in
1137 523 1251 585 quo
1294 504 1547 564 aedilicia
1581 504 1805 564 fuerunt
1836 504 2042 567 exedra
2071 515 2130 566 et

146 593 462 671 porticibus
495 592 758 671 amplecti
789 602 958 670 atque
990 590 1089 649 tibi
1119 607 1480 663 consecrare,
1514 591 1672 649 cuius
1697 589 1977 649 beneficio
2008 588 2126 649 ele·

92 693 126 742 5
146 696 287 754 gans
316 693 460 755 opus
494 676 833 754 dignumque
867 676 1089 733 nomine
1131 683 1228 734 tuo
1277 673 1390 733 fiet.
1451 672 1757 750 Exemplar
1783 676 2179 749 testamenti,4

144 773 476 838 quamquam
502 758 863 835 mendosum,
893 760 1018 817 misi
1054 758 1182 826 tibi;
1223 775 1296 815 ex
1328 774 1439 834 quo
1469 772 1789 832 cognosces
1820 755 1989 816 multa
2021 757 2126 816 Po-

144 843 404 918 lyaenum
432 845 487 901 in
521 844 773 913 eiusdem
803 842 1000 902 domus
1024 850 1275 900 ornatum
1305 838 1628 918 reliquisse,
1663 859 1805 918 quae
1838 851 1898 900 ut
1929 841 2125 900 domus

143 931 270 1005 ipsa
302 929 625 1005 perierunt,
656 945 688 986 a
716 945 806 987 me
838 937 1052 1001 tamen,
1083 926 1139 983 in
1169 932 1430 1002 quantum
1453 927 1719 1002 potuerit,
1751 926 2123 1003 requirentur.

56 1101 128 1154 10
861 1057 1059 1119 Lxxl.
1089 1056 1390 1149 [Lxxvu

811 1156 1132 1209 TRAIANUS
1160 1158 1370 1208 PLINIO
1407 1156 1459 1207 S.

266 1261 570 1322 Possumus
611 1260 757 1339 apud
796 1260 1110 1321 Prusenses
1144 1278 1275 1320 area
1315 1261 1424 1319 ista
1466 1277 1591 1319 cum
1624 1260 1790 1321 domo
1828 1260 2121 1339 conlapsa,

142 1363 307 1424 quarn
337 1363 539 1404 vacare
571 1346 807 1420 scribis,
838 1345 911 1405 ad'
938 1347 1347 1405 extructionem
1378 1343 1581 1403 balinei
1610 1347 1704 1403 uti.
1764 1343 1909 1404 Illud
1940 1356 2123 1406 tamen

139 1447 336 1506 parum
377 1430 709 1508 expressisti
748 1448 818 1488 an
858 1429 1028 1488 aedes
1070 1429 1123 1486 in
1164 1426 1461 1507 peristylio
1493 1427 1726 1489 Claudio
1767 1429 1915 1489 facta
1944 1439 2121 1490 esset.

55 1524 121 1576 15
139 1512 281 1654 Nam
323 1514 371 1572 si
414 1513 560 1573 facta
604 1522 725 1588 est,
774 1511 911 1572 licet
957 1510 1225 1590 conlapsa
1266 1512 1372 1587 sit,
1422 1510 1625 1587 religio
1671 1514 1791 1575 eius
1824 1516 2124 1593 occupavit

141 1614 208 1656 so
235 1612 341 1655 um.

845 1725 1067 1786 Lxxn.
1097 1726 1411 1806 [Lxxvn.]

596 1828 650 1880 G.
683 1828 930 1878 PLINIUS
959 1827 1240 1878 TRAIANO
1274 1826 1682 1881 IMPERATORI.

50 1944 123 1995 20
263 1932 681 1993 Postulantibus
731 1933 1057 2012 quibusdam
1092 1942 1151 1992 ut
1195 1932 1265 1992 de
1308 1932 1685 2009 agnoscendis
1725 1931 1918 1992 liberis
1956 1939 2121 1995 resti-

141 2017 476 2095 tuendisque
502 2016 774 2076 natalibus
804 2026 862 2075 et
884 2016 1191 2076 secundum
1212 2016 1509 2095 epistulam
1531 2015 1827 2078 Domitiani
1855 2019 2119 2095 scriptam

138 2098 368 2159 Minicio
399 2100 546 2159 Rufo
579 2110 636 2160 et
679 2100 987 2161 secundum
1028 2101 1287 2179 exempla
1317 2099 1718 2180 proconsulum
1746 2102 1872 2179 ipse
1905 2119 2117 2180 cogno-

140 2202 386 2261 scerem,
420 2187 651 2264 respexi
682 2184 750 2244 ad
781 2195 1008 2245 senatus
1044 2185 1361 2245 consultum
1388 2187 1677 2263 pertinens
1708 2183 1774 2243 ad
1800 2185 1996 2246 eadem
2017 2205 2118 2264 ge-

138 2285 274 2327 nera
304 2286 623 2346 causarum,
670 2269 820 2347 quod
851 2269 922 2329 de
956 2271 1024 2330 iis
1063 2278 1271 2329 tantum
1304 2271 1609 2348 provinciis
1638 2268 2118 2349 loquitur-quibus

49 2367 122 2417 25
139 2351 515 2430 proconsules
551 2364 844 2432 praesunt;
885 2354 1131 2432 ideoque
1161 2372 1280 2413 rem
1308 2357 1580 2431 integram
1609 2351 1830 2432 distuli,
1876 2355 2003 2414 dum
2034 2364 2117 2432 tu,

140 2435 383 2514 domine,
414 2440 778 2516 praeceperis
809 2439 941 2516 quid
969 2439 1277 2499 ohservare
1307 2456 1396 2498 me
1423 2436 1585 2498 velis,

426 2635 432 2642 ,
821 2569 1435 2649 LXX111.[Lxxvl11.]

0 2681 16 2714 ι
788 2669 1111 2720 TRAIANUS
1156 2671 1367 2721 PLlNlO
1411 2670 1461 2719 S.

52 2789 123 2841 30
260 2770 321 2829 Si
348 2769 479 2836 mihi
508 2779 733 2830 senatus
767 2770 1081 2831 consultum
1108 2775 1362 2849 miseris,
1394 2771 1544 2849 quod
1569 2771 1991 2831 haesitationem
2019 2772 2118 2830 tibi

140 2855 298 2932 fecit,
331 2852 639 2914 aestimabo
679 2871 747 2911 an
778 2853 987 2915 debeas
1022 2874 1377 2932 cognoscere
1416 2855 1487 2914 de
1515 2853 1891 2931 agnoscendis
1919 2853 2115 2915 liberis

139 2950 195 3000 et
223 2938 498 3000 natalibus
531 2937 683 2997 veris
710 2939 1088 2997 restituendis,

873 3069 1148 3132 Lxxnn.
1193 3071 1383 3149 [xvi]

52 3200 119 3253 35
569 3171 623 3225 C.
664 3169 916 3221 PLINIUS
951 3171 1234 3222 TRAIANO
1268 3170 1686 3222 IMPERATORI.

259 3273 597 3352 AppuleiuS,
631 3273 874 3352 domine,
909 3273 1093 3350 mileS,
1127 3275 1222 3352 qui
1248 3283 1335 3334 est
1358 3276 1414 3333 in
1436 3274 1675 3335 statione
1695 3272 2114 3351 Nicomedensi,
2136 3288 2164 3336 1

137 3359 368 3434 scripsit
403 3357 534 3417 mihi
574 3358 847 3437 quendam
884 3360 1103 3417 nominc
1136 3356 1561 3435 Callidromum,
1606 3376 1730 3418 cum
1773 3357 2116 3419 detineretur

137 3461 169 3501 a
198 3439 440 3501 Maximo
481 3451 538 3501 et
569 3441 843 3518 Dionysio
873 3443 1211 3523 pistoribus,
1259 3444 1459 3523 quibus
1494 3460 1697 3523 operas
1728 3461 1858 3505 suas
1887 3443 2112 3503 locave-
