2467 3850
5 3482 8 3609 ἲ

327 149 454 217 250
1151 149 1216 220 G.
1262 148 1453 213 PLINI

323 305 403 365 ris
441 302 681 366 adventu
720 301 1034 381 legatorum
1073 301 1313 381 dignitas
1352 301 1707 364 inumbratur.
1784 301 1869 362 Tu
1909 312 2095 364 tamen
2122 305 2302 365 maior

324 388 580 450 omnibus
610 386 837 466 quidem
864 405 990 448 eras
1006 432 1025 464 ,
1055 387 1160 449 sed
1187 389 1311 448 sine
1338 386 1506 448 ullius
1538 387 1913 448 deminutione
1935 388 2135 448 maior:
2168 406 2300 448 ean·

326 472 456 533 dem
482 473 867 533 auctoritatem
895 480 1195 549 praesente
1239 479 1298 531 te
1340 472 1581 549 quisque
1624 487 1787 549 quam
1824 472 2060 532 absente
2087 474 2297 533 retine-

323 555 447 625 bat;
498 558 633 634 quin
673 556 839 616 etiam
868 554 1157 633 plerisque
1187 572 1261 614 ex
1290 572 1362 615 eo
1390 556 1707 615 reverentia
1734 564 2090 633 accesserat,
2144 555 2299 635 quod

323 649 384 700 tu
414 655 644 719 quoque
672 637 804 700 illos
833 638 1192 702 reverebare.
1240 637 1433 718 Itaque
1463 637 1696 717 perinde
1727 641 1955 704 summis
1985 649 2157 718 atque
2178 640 2300 699 infi-
2337 643 2373 694 5

321 724 429 784 mis
457 740 642 800 carus,
674 724 757 783 sic
778 724 1171 802 imperatorem
1199 721 1744 800 commilitonemque
1773 724 2078 783 miscueras
2102 732 2161 783 ut
2182 732 2298 783 stu·

322 807 473 868 dium
515 808 753 868 omnium
791 804 1152 883 laboremque
1195 815 1255 865 et
1288 815 1563 883 tamquam
1602 816 1834 866 exactor
1870 806 2195 868 intenderes
2239 816 2298 867 et

322 900 601 969 tamquam
630 892 916 970 particeps
947 891 1250 968 sociusque
1277 888 1581 950 relevares.
1645 888 1871 951 Felices
1901 890 2032 951 illos
2062 907 2298 970 quorum

323 974 464 1035 fides
494 985 551 1035 et
580 974 848 1035 industria
877 990 988 1034 non
1016 990 1121 1051 per
1158 973 1527 1034 internuntios
1569 982 1628 1033 et
1664 975 2038 1053 interpretes,
2091 973 2197 1033 sed
2225 973 2297 1033 ab

323 1061 451 1137 ipso
481 1066 575 1135 te,
624 1076 734 1119 nec
764 1057 987 1118 auribus
1014 1059 1123 1117 tuis
1163 1056 1268 1116 sed
1298 1055 1479 1117 oculis
1508 1057 1911 1135 probabantur!
1984 1055 2295 1118 Consecuti
2318 1065 2391 1117 10

323 1151 451 1203 sunt
488 1150 550 1202 ut
588 1142 795 1202 absens
839 1158 1068 1219 quoque
1112 1138 1183 1200 de
1223 1140 1549 1201 absentibus
1580 1143 1782 1202 nemini
1821 1141 1997 1220 magis
2040 1158 2201 1219 quam
2228 1142 2299 1200 ti·

219 1226 303 1289 20
325 1228 381 1288 bi
417 1225 701 1286 crederes.
791 1223 904 1284 Iam
946 1234 1004 1285 te
1034 1225 1239 1284 civium
1280 1223 1557 1285 desideria
1602 1225 1974 1302 revocabant,
2026 1241 2299 1285 amorem-

210 3227 289 3291 21

321 1328 432 1389 que
474 1317 782 1370 castrorum
822 1307 1122 1386 superabat
1162 1308 1360 1368 caritas
1393 1309 1623 1386 patriae.
1692 1308 1810 1370 Iter
1847 1308 1977 1369 inde
2018 1307 2299 1388 placidum

317 1412 386 1454 ac
413 1391 727 1453 modestum
756 1400 814 1452 et
843 1391 1007 1470 plane
1037 1411 1070 1451 a
1100 1408 1244 1470 pace
1269 1391 1575 1453 redeuntis.
1626 1391 1752 1455 Nec
1777 1409 1920 1454 vero
1952 1410 2065 1469 ego
2094 1394 2150 1452 in
2177 1391 2295 1452 lau·

318 1477 479 1537 dibus
519 1477 629 1536 tuis
670 1493 873 1554 ponam
913 1475 1064 1553 quod
1103 1475 1400 1536 adventum
1440 1486 1593 1536 tuum
1631 1493 1742 1537 non
1783 1485 1945 1554 pater
1974 1478 2288 1555 quisquam,
2311 1480 2385 1533 15

315 1578 428 1620 non
453 1560 680 1620 maritus
708 1561 963 1638 expavit:
993 1558 1271 1620 adfectata
1293 1559 1417 1620 aliis
1441 1561 1665 1621 castitas
1682 1606 1699 1637 ‚
1730 1560 1827 1621 tibi
1855 1561 2101 1638 ingenita
2127 1567 2188 1619 et
2211 1561 2293 1619 in-

315 1651 473 1720 nata,
502 1644 760 1721 interque
790 1661 858 1703 ea
886 1660 1030 1721 quae
1067 1644 1323 1720 inputare
1352 1660 1464 1704 non
1495 1644 1704 1722 possis.
1745 1642 1946 1704 Nullus
1977 1645 2032 1704 in
2060 1644 2293 1720 exigen-

318 1728 405 1788 dis
432 1726 706 1788 vehiculis
736 1727 1001 1789 tumultus
1019 1772 1037 1804 ,
1067 1725 1278 1786 nullum
1307 1728 1457 1788 circa
1478 1727 1720 1806 hospitia
1747 1727 2051 1797 fastidium
2078 1744 2293 1787 annona

317 1828 462 1890 quae
502 1811 737 1880 ceteris;
786 1811 855 1872 ad
894 1812 1006 1872 hoc
1048 1812 1341 1871 comitatus
1382 1811 1672 1872 adcinctus
1702 1821 1759 1873 et
1786 1830 2016 1891 parens:
2067 1809 2292 1871 diceres

316 1913 574 1973 magnum
600 1894 843 1974 aliquem
872 1895 1103 1971 ducem,
1145 1911 1212 1955 ac
1254 1903 1310 1955 te
1342 1897 1722 1973 potissimum,
1763 1895 1833 1957 ad
1863 1897 2149 1957 exercitus
2177 1896 2388 1955 irezm

316 1979 459 2040 adeo
489 1979 624 2040 nibil
663 1987 758 2041 aut
796 1990 953 2041 certe
984 1996 1176 2058 parum
1202 1980 1471 2040 intererat
1499 1982 1642 2040 inter
1667 1981 2056 2058 imperatorem
2084 1979 2292 2039 factum

317 2072 377 2124 et
402 2062 664 2125 futurum.
712 2061 891 2137 Quam
920 2063 1202 2124 dissimilis
1230 2080 1413 2140 nuper
1441 2062 1670 2123 alterius
1705 2065 1971 2142 principis
2000 2061 2291 2124 transitus!

316 2148 366 2208 si
396 2155 579 2207 tamen
605 2148 869 2209 transitus
899 2147 1031 2224 ille,
1062 2163 1174 2209 non
1194 2146 1487 2226 populatio
1522 2147 1656 2222 fuit,
1688 2165 1815 2208 cum
1842 2149 2070 2208 abactus
2100 2146 2292 2224 hospi-

317 2239 432 2289 tum
475 2239 805 2308 exerceret,
851 2232 1142 2309 omniaque
1186 2229 1383 2290 dextra
1424 2229 1696 2308 laevaque
1730 2239 1958 2311 perusta
1987 2239 2046 2291 et
2083 2232 2289 2305 attrita,

315 2324 379 2372 ut
417 2314 466 2373 si
504 2315 592 2374 vis
635 2312 819 2391 aliqua
857 2314 952 2374 vel
990 2316 1101 2393 ipsi
1140 2312 1221 2373 illi
1251 2314 1470 2374 barbari
1501 2332 1645 2392 quos
1673 2314 1926 2393 fugiebat
1956 2313 2385 2376 inciderent.25

315 2395 763 2457 Persuadendum
797 2400 1100 2475 provinciis
1131 2406 1253 2459 erat
1281 2396 1420 2458 illud
1462 2399 1569 2458 iter
1604 2397 1902 2458 Domitiani
1943 2397 2144 2473 fuisse,
2176 2411 2294 2455 non

315 2481 604 2558 principis.
677 2479 869 2559 Itaque
911 2499 1024 2542 non
1065 2491 1176 2545 tam
1216 2498 1322 2560 pro
1364 2491 1457 2542 tua
1494 2481 1674 2558 gloria
1717 2500 1878 2561 quam
1918 2498 2022 2560 pro
2052 2480 2294 2541 utilitate

315 2565 591 2626 communi
631 2564 821 2625 edicto
863 2565 1153 2627 subiecisti
1184 2564 1317 2643 quid
1344 2566 1399 2625 in
1430 2576 1722 2644 utrumque
1750 2575 1998 2625 vestrum
2024 2573 2181 2626 esset
2207 2564 2292 2624 in-

313 2666 568 2729 pensum.
634 2649 953 2711 Adsuescat
990 2651 1294 2727 imperator
1321 2667 1445 2708 cum
1474 2651 1709 2728 imperio
1739 2649 2014 2710 calculum
2041 2664 2291 2729 ponere:

312 2735 396 2793 sic
425 2742 625 2809 exeat,
677 2734 764 2795 sic
792 2732 1019 2809 redeat,
1074 2741 1353 2810 tamquam
1391 2735 1662 2794 rationem
1700 2733 2046 2801 redditurus;
2101 2731 2386 2792 edicat3o

313 2817 446 2894 quid
474 2817 864 2897 absumpserit.
917 2816 999 2877 Ita
1029 2818 1126 2879 liet
1146 2826 1206 2876 ut
1234 2833 1348 2876 non
1380 2817 1636 2877 absumat
1663 2817 1815 2896 quod
1844 2816 2048 2894 pudeat
2075 2816 2289 2877 dicere.

313 2899 610 2960 Praeterea
650 2900 818 2961 futuri
858 2903 1179 2979 principes,
1224 2898 1401 2961 velint
1440 2901 1649 2978 nolint,
1692 2902 1872 2962 sciant
1899 2900 2057 2960 Tanti
2087 2898 2287 2977 [tuum]

312 2991 566 3059 constat,
616 2986 1040 3063 propositisque
1082 2983 1302 3044 duobus
1353 2983 1626 3062 exemplis
1668 2987 2015 3045 meminerint
2053 2981 2292 3062 perinde

311 3065 686 3126 coniecturam
715 3067 787 3128 de
816 3070 1063 3129 moribus
1094 3069 1211 3128 suis
1237 3066 1493 3129 homines
1517 3087 1650 3129 esse
1672 3067 1956 3144 facturos,
1988 3075 2157 3146 prout
2175 3065 2293 3125 hoc

308 3146 404 3207 vel
431 3146 568 3206 illud
595 3148 891 3228 elegerint.
2307 3157 2388 3211 35

434 3228 631 3292 Nonne
661 3232 748 3295 his
776 3242 858 3293 tot
886 3235 1162 3313 tantisque
1187 3236 1400 3295 meritis
1430 3251 1610 3296 novos
1640 3233 1860 3312 aliquos
1880 3234 2125 3295 honores
2142 3278 2160 3308 ,
2187 3250 2291 3292 no·

308 3330 414 3374 vos
454 3313 645 3375 titulos
691 3315 1023 3377 merebare?
1075 3319 1152 3378 At
1194 3327 1254 3377 tu
1296 3321 1463 3379 etiam
1505 3320 1678 3398 patris
1714 3320 1925 3396 patriae
1961 3316 2289 3377 recusabas.

312 3394 488 3468 Quam
524 3396 696 3475 longa
736 3397 899 3459 nobis
929 3418 1053 3459 cum
1080 3399 1354 3462 modestia
1388 3411 1483 3462 tua
1513 3401 1729 3481 pugna!
1781 3420 1945 3481 quam
1971 3400 2127 3463 tarde
2156 3401 2296 3459 vici-
