2467 3850
591 134 1108 217 EPISTULARUM
1128 160 1412 219 93.--·96.
1441 156 1552 234 [94.
1565 155 1774 233 ·-·⁹⁷·]
2041 156 2164 223 231

922 303 1123 367 xcvl.
1163 303 1437 384 [xcvl1.]

620 422 675 477 G.
713 421 958 474 PLINIUS
992 420 1273 473 TRAIANO
1308 418 1720 476 IMPERATORI.

310 556 598 620 Sollemne
629 570 718 621 est
745 559 906 637 mihi,
941 560 1195 637 domine,
1239 562 1419 621 omnia
1449 559 1521 620 de
1550 559 1752 638 quibus
1783 559 1975 622 dubito
2009 562 2079 624 ad
2107 573 2164 625 te
2193 578 2215 627 ι

134 644 421 705 5referre.
486 643 624 717 Quis
660 647 808 704 enim
846 654 1037 722 potest
1076 644 1279 704 melius
1309 643 1404 705 vel
1436 645 1845 704 cunctationem
1872 647 2049 706 meam
2074 665 2164 709 re·

185 748 326 806 gere
359 726 453 788 vel
495 729 858 805 ignorantiam
900 726 1208 788 extruere?
1258 725 1685 806 Cognitionibus
1725 727 1795 788 de
1836 727 2164 791 Christianis

184 812 413 872 interfui
439 830 766 890 numquam:
808 812 937 873 ideo
965 814 1162 872 nescio
1187 811 1321 890 quid
1351 821 1409 871 et
1438 821 1711 890 quatenus
1742 822 1835 872 aut
1862 814 2044 892 puniri
2072 832 2165 875 so·

184 895 303 956 leat
331 904 424 959 aut
456 898 666 974 quaeri.
709 895 834 956 Nec
863 895 1224 956 mediocriter
1251 894 1523 957 haesitavi
1552 897 1698 956 sitne
1718 895 1947 975 aliquod
1970 897 2164 959 discri·
2181 909 2215 962 2

185 997 316 1040 men
356 989 596 1040 aetatum
634 998 704 1040 an
744 980 1048 1059 quamlibet
1090 980 1271 1040 teneri
1304 979 1441 1039 nihil
1477 998 1511 1040 a
1550 978 1964 1040 robustioribus
2007 982 2165 1043 diffe-

99 1076 172 1129 lo
185 1074 330 1140 rant,
362 1063 524 1124 detur
549 1066 923 1142 paenitentiae
951 1066 1115 1124 venia
1142 1083 1211 1124 an
1240 1067 1293 1123 ei
1318 1066 1411 1142 qui
1440 1064 1660 1123 omnino
1691 1061 2033 1126 Christianus
2063 1066 2169 1126 fuit

191 1148 411 1210 desisse
435 1165 547 1207 non
579 1151 789 1225 prosit,
821 1166 1024 1208 nomen
1053 1150 1257 1226 ipsum,
1288 1151 1336 1209 si
1365 1147 1590 1224 flagitiis
1623 1158 1830 1225 careat,
1860 1167 1928 1208 an
1957 1149 2166 1227 flagitia

191 1231 550 1292 cohaerentia
579 1234 782 1292 nomini
817 1234 1126 1312 puniantur.
1191 1231 1420 1292 Interim
1453 1233 1517 1291 in
1558 1232 1626 1291 iis
1669 1231 1762 1308 qui
1802 1232 1870 1292 ad
1909 1251 1998 1294 me
2028 1242 2167 1294 tam·

190 1333 354 1393 quam
391 1314 688 1376 Christiani
729 1317 1125 1376 deferebantur
1163 1316 1313 1376 hunc
1353 1334 1475 1376 sum
1516 1325 1747 1376 secutus
1777 1316 2017 1379 modum.
2082 1315 2219 1379 In-3

0 1464 5 1471 ,
188 1401 474 1476 tei-rogavi
502 1401 661 1477 ipsos
686 1417 755 1459 an
777 1411 970 1461 essent
1002 1398 1318 1460 Christiani.
1365 1398 1714 1460 Confitentes
1744 1401 1945 1459 iterum
1966 1419 2033 1461 ac
2054 1401 2167 1461 ter·

104 1489 172 1542 15
186 1486 268 1543 tio
294 1486 668 1560 interrogavi,
710 1483 1050 1562 supplicium
1077 1486 1343 1543 minatus:
1384 1492 1818 1562 perseverantes
1850 1484 1980 1544 duci
2008 1485 2165 1545 iussi.

188 1566 392 1645 Neque
428 1569 574 1628 enim
614 1567 959 1642 dubitabam,
1006 1566 1415 1645 qualecumque
1457 1576 1616 1626 esset
1654 1566 1804 1644 quod
1837 1567 2175 1643 faterentur,

187 1653 555 1729 pertinaciam
583 1660 740 1711 certe
776 1658 834 1709 et
873 1648 1236 1709 inflexibilem
1266 1650 1699 1709 obstinationem
1724 1648 1936 1711 debere
1965 1654 2166 1731 puniri.

187 1733 438 1795 Fuerunt
467 1734 560 1793 alii
599 1733 795 1794 similis
834 1735 1106 1801 amentiae
1136 1750 1316 1812 quos,
1359 1734 1487 1811 quia
1531 1735 1689 1795 cives
1726 1731 1959 1793 Romani
1989 1743 2166 1812 erant,
2186 1744 2222 1798 4

189 1816 450 1878 adnotavi
488 1818 545 1877 in
585 1818 784 1878 urbem
822 1817 1207 1877 remittendos.
1279 1815 1416 1876 Mox
1456 1817 1583 1895 ipso
1624 1824 1892 1893 tractatu,
1946 1827 2008 1878 ut
2048 1819 2169 1878 fieri

101 1902 376 1979 msolet,
421 1900 761 1962 diffundente
792 1919 855 1961 se
897 1902 1123 1961 crimine
1156 1898 1351 1979 plures
1385 1899 1616 1979 species
1638 1898 1969 1960 inciderunt.
2035 1899 2219 1965 Pro-5

188 1989 415 2067 positus
451 1995 540 2047 est
574 1984 800 2047 libellus
841 1986 962 2047 sine
998 1995 1236 2045 auctore.
1273 1985 1570 2045 multorum
1596 1986 1818 2044 nomina
1854 1985 2166 2045 continens.

191 2070 303 2144 Qui
344 2070 624 2148 negabant
670 2089 803 2132 esse
848 2089 913 2131 se
946 2068 1290 2130 Christianos
1318 2078 1412 2130 aut
1442 2070 1653 2146 fuisse,
1698 2086 1824 2127 cum
1860 2078 2168 2147 praeeunte

188 2174 282 2215 me
313 2154 454 2215 deos
482 2153 835 2233 appellarent
868 2163 924 2215 et
953 2156 1175 2234 imagini
1206 2164 1358 2231 tuae,
1392 2172 1552 2233 quam
1582 2162 1819 2232 propter
1845 2152 1956 2213 hoc
1987 2154 2169 2214 iusse-

190 2257 308 2299 ram
351 2256 476 2298 cum
514 2238 825 2299 simulacris
864 2241 1143 2298 numinum
1171 2238 1411 2318 adferri,
1466 2247 1591 2298 ture
1631 2255 1699 2297 ac
1726 2237 1855 2298 vino
1887 2227 2168 2316 supplica-

99 2334 171 2387 25
188 2332 336 2401 rent,
368 2333 663 2401 praeterea
691 2322 836 2383 male
869 2324 1122 2383 dicerent
1146 2321 1392 2400 Christe,
1428 2339 1661 2401 quorum
1683 2321 1817 2383 nihil
1840 2338 2016 2401 posse
2040 2322 2170 2399 cogi

193 2406 450 2466 dicuntur
481 2410 574 2485 qni
603 2415 730 2468 sunt
760 2426 823 2467 re
853 2425 989 2467 vera
1019 2406 1351 2484 Christiani,
1396 2406 1749 2467 dimittendos
1785 2426 1919 2468 esse
1960 2408 2166 2485 putavi.

190 2490 305 2551 Alii
333 2492 401 2551 ab
442 2492 627 2552 indice
669 2493 930 2551 nominati
972 2511 1104 2553 esse
1144 2511 1209 2551 se
1254 2490 1600 2552 Christianos
1642 2490 1900 2552 dixerunt
1942 2499 2002 2551 et
2041 2502 2220 2554 moxfi

189 2584 565 2652 negaverunt;
606 2574 782 2634 fuisse
827 2575 1086 2653 quidem,
1129 2574 1234 2636 sed
1272 2575 1526 2652 desisse,
1573 2576 1792 2653 quidam
1818 2584 1947 2635 ante
1974 2573 2171 2652 plures

191 2676 400 2735 annos,
443 2676 555 2717 non
583 2676 748 2717 nemo
774 2661 937 2717 etiam
966 2668 1094 2717 ante
1121 2661 1317 2735 viginti
1348 2676 1592 2737 qnoque.
1651 2658 1860 2720 Omnes
1891 2666 1950 2717 et
1979 2656 2171 2735 imagi-

104 2754 178 2808 30
190 2761 321 2802 nem
349 2751 498 2802 tuam
541 2740 886 2818 deorumque
927 2741 1220 2802 simulacra
1259 2744 1512 2802 venerati
1553 2749 1681 2800 sunt
1723 2740 1804 2818 [ii]
1848 2749 1906 2800 et
1946 2737 2171 2799 Christo

193 2826 339 2890 male
382 2825 656 2885 dixerunt.
725 2823 1104 2885 Adfirmabant
1134 2834 1328 2885 autem
1372 2824 1522 2883 hanc-
1555 2823 1736 2883 fuisse
1776 2839 2041 2882 summam
2077 2821 2172 2883 vel
2194 2830 2228 2886 7

196 2910 399 2989 culpae
441 2926 574 2969 suae
605 2905 700 2966 vel
743 2908 982 2985 erroris,
1026 2908 1179 2986 quod
1210 2918 1407 2969 essent
1452 2907 1602 2967 soliti
1634 2915 1780 2967 stato
1811 2906 1902 2966 die
1933 2915 2059 2967 ante
2085 2905 2170 2968 lu-

196 3011 322 3055 cem
351 2993 653 3053 convenire
686 3008 1023 3068 carmenque
1056 2990 1281 3052 Christo
1312 2994 1470 3070 quasi
1509 2991 1617 3051 deo
1647 2990 1838 3051 dicere
1872 3007 2067 3051 secum
2092 2992 2171 3051 in·

193 3082 413 3156 vicem,
459 3095 639 3154 seque
671 3085 1021 3136 sacramento
1057 3093 1171 3134 non
1211 3077 1269 3133 in
1310 3075 1501 3139 scelus
1534 3073 1762 3152 aliquod
1790 3075 2168 3153 obstringere,

109 3175 180 3229 35
197 3162 300 3223 sed
327 3181 400 3223 ne
429 3161 592 3238 furta,
625 3179 697 3220 ne
716 3159 1024 3235 latrocinia,
1061 3178 1134 3219 ne
1157 3158 1427 3220 adulteria
1449 3160 1880 3237 committerent,
1909 3177 1982 3219 ne
2005 3159 2172 3219 iidem

195 3246 488 3322 fallerent,
525 3264 597 3304 ne
629 3245 947 3323 depositum
981 3243 1253 3322 appellati
1278 3243 1652 3321 abnegarent:
1697 3244 1897 3322 quibus
1923 3244 2170 3321 peractis

162 3331 166 3335 Δ
195 3347 411 3391 morem
440 3330 548 3390 sibi
578 3327 903 3389 discedendi
935 3327 1134 3404 fuisse,
1170 3344 1478 3405 rursusque
1508 3326 1574 3386 ad
1605 3327 1935 3407 capiendum
1963 3327 2168 3401 cibum,

197 3416 576 3495 promiscuum
615 3424 799 3475 tamen
840 3422 899 3473 et
935 3414 1244 3483 innoxium
1301 3410 1451 3491 quod
1491 3414 1671 3491 ipsum
1713 3411 1906 3472 facere
1949 3410 2169 3471 desisse
