2467 3850
566 206 572 211 ·
593 173 1112 237 EPISTULARUM
1140 185 1225 240 30.
1242 209 1326 221 —-
1342 182 1430 239 34.
1458 174 1568 253 [39.
1584 210 1670 222 --·
1681 179 1793 254 43.]
2063 177 2188 242 209

955 329 1189 392 xxxn.
1241 327 1432 409 [xm]

850 428 1180 481 TRAIANUS
1215 429 1431 480 PLINIO
1470 428 1526 478 S.

319 547 735 608 Meminerimus
764 549 979 610 idcirco
1010 559 1070 610 te
1101 550 1157 609 in
1181 550 1345 610 istam
1368 549 1714 627 provinciam
1737 549 1986 627 missum,
2015 569 2191 630 quon·
2214 571 2243 623 1

196 636 304 691 iam
345 631 516 691 multa
558 634 613 692 in
656 651 724 692 ea
757 632 1100 703 emendanda
1127 633 1511 712 apparuerint.
1582 631 1705 690 Erit
1742 642 1927 695 autem
1957 635 2067 694 hoc
2097 636 2193 697 vel

145 719 439 780 5maxime
468 716 894 796 corrigendum,
923 717 1076 797 quod
1102 719 1196 797 qui
1227 717 1469 777 damnati
1506 715 1576 775 ad
1605 733 1848 793 poenam
1888 730 2043 779 erant
2083 738 2195 780 non

200 800 367 860 modo
399 818 465 859 ea
503 802 625 861 sine
664 810 932 880 auctore,
963 811 1022 861 ut
1057 801 1297 879 scribis,
1339 800 1561 861 liberati
1605 810 1765 878 sunt,
1810 801 1914 863 sed
1954 807 2119 865 etiam
2141 806 2197 864 in

203 884 578 944 conditionem
631 885 938 963 proborum
987 886 1369 946 ministrorum
1417 884 1789 945 retrahuntur.
1869 886 1978 960 Qui
2027 890 2247 966 igitur2

201 973 340 1029 intra
375 969 482 1029 hos
527 972 817 1048 proximos
861 970 1062 1030 decem
1094 987 1270 1049 annos
1302 969 1541 1029 damnati
1570 987 1681 1029 nec
1710 969 1826 1029 ullo
1862 970 2068 1033 idoneo
2101 992 2194 1032 au·

208 1063 369 1114 ctore
418 1053 637 1114 liberati
679 1064 840 1131 sunt,
873 1055 978 1114 hos
1020 1054 1309 1133 oportebit
1350 1071 1574 1134 poenae
1613 1073 1751 1114 suae
1791 1055 1978 1116 reddi:
2024 1058 2073 1116 si
2105 1059 2200 1136 qui

118 1144 187 1195 10
203 1137 549 1198 vetustiores
590 1139 942 1199 invenientur
992 1148 1050 1199 et
1090 1154 1262 1198 senes
1301 1147 1430 1198 aute
1477 1155 1654 1199 annos
1699 1138 1906 1201 decem.
1940 1141 2197 1217 damnati,

204 1221 597 1283 distribuamus
637 1221 769 1283 illos
823 1225 879 1282 in
923 1241 991 1283 ea
1035 1225 1345 1284 ministeria
1384 1240 1531 1302 quae
1572 1242 1684 1283 non
1726 1222 1900 1302 longe
1940 1243 1973 1285 a
2015 1243 2203 1305 poena

205 1308 332 1367 sint.
376 1305 573 1366 Solent
606 1308 754 1366 enim
784 1307 1060 1369 eiusmodi
1099 1306 1168 1366 ad
1198 1307 1515 1383 balineum,
1558 1307 1629 1366 ad
1655 1311 2019 1386 purgationes
2052 1309 2201 1369 cloa-

207 1408 415 1467 carum,
446 1392 579 1450 item
601 1392 935 1453 munitiones
965 1393 1178 1455 viarum
1209 1401 1269 1450 et
1296 1393 1551 1451 vicorum
1579 1391 1714 1451 dari.

2 1628 17 1639 ..
116 1515 188 1609 '15
942 1541 1202 1604 romu.
1253 1541 1471 1623 [xm]

640 1643 692 1693 C.
735 1642 984 1695 PLINIUS
1024 1641 1314 1692 TRAIANO
1351 1642 1771 1695 IMPERATORI.

337 1746 479 1806 Cum
508 1746 785 1806 diversam
812 1753 1047 1823 partem·
1064 1745 1395 1821 provinciae
1427 1744 1778 1804 circumirem
1796 1791 1813 1821 ,
1846 1743 2209 1805 Nicomediae
2229 1765 2259 1814 1

207 1832 586 1892 vastissimum
627 1829 948 1889 incendium
987 1827 1191 1889 multas
1236 1830 1583 1907 privatorum
1626 1827 1823 1888 domos
1866 1838 1925 1887 et
1959 1829 2070 1887 duo
2108 1849 2209 1907 pu-

207 1914 361 1979 blica
390 1932 566 1995 opera
600 1932 930 1993 quamquam
955 1915 1045 1973 via
1073 1914 1465 1992 interiacente,
1496 1910 1768 1974 Gerusian
1800 1921 1857 1972 et
1889 1910 2082 1989 Iseon,
2114 1913 2209 1974 ab·

121 2015 196 2067 20
212 2002 471 2080 sumpsit.
546 1995 652 2059 Est
696 2008 881 2059 autem
923 1999 1089 2059 latius
1146 2015 1402 2077 sparsum
1446 2000 1686 2075 primum
1726 1996 1994 2056 violentia
2021 1999 2264 2072 ‘venti,2

208 2086 417 2147 deinde
446 2085 646 2145 inertia
672 2085 989 2161 hominum,
1033 2100 1177 2161 quos
1221 2084 1358 2144 satis
1402 2091 1624 2143 constat
1646 2083 1864 2143 otiosos
1894 2089 1952 2142 et
1980 2082 2212 2141 inmobi-

210 2171 300 2232 les
325 2171 463 2230 tanti
492 2168 635 2228 mali*
652 2177 1008 2247 spectatores
1041 2169 1395 2246 perstitisse;
1440 2176 1498 2227 et
1524 2166 1735 2246 alioqui
1762 2165 1947 2226 nullus
1976 2183 2213 2244 usquam

210 2258 269 2315 in
296 2254 528 2334 publico
560 2254 759 2333 siph0‚
805 2252 957 2312 nulla
999 2252 1192 2329 hama,
1248 2251 1461 2312 nullum
1504 2252 1749 2329 denique
1792 2253 2215 2311 instrumentum

213 2339 286 2402 ad
314 2338 569 2398 incendia
605 2337 1025 2417 conpescenda.
1094 2336 1170 2397 Et
1207 2336 1353 2396 haec
1386 2337 1647 2416 quidem,
1691 2346 1751 2395 ut
1780 2338 1887 2396 iam
1918 2336 2209 2413 praecepi,

123 2446 193 2496 25
212 2423 573 2505 parabuntur.
635 2421 741 2498 Tu,
775 2423 1021 2499 domine,
1056 2421 1279 2501 dispice
1309 2440 1379 2481 an
1409 2421 1806 2481 instituendum
1837 2430 2006 2499 putes
2038 2418 2212 2479 colle·
2231 2433 2266 2485 3

215 2511 372 2586 gium
401 2507 681 2566 fabrorum
711 2506 997 2567 dumtaxat
1024 2507 1307 2566 hominum
1339 2505 1445 2566 CL.
1504 2505 1633 2584 Ego
1674 2506 1957 2565 attendam
1987 2523 2057 2563 ne
2090 2505 2214 2581 quis

217 2595 329 2653 nisi
364 2592 523 2651 faber
559 2593 866 2669 recipiatur
905 2607 1054 2649 neve
1094 2591 1216 2649 iure
1259 2607 1542 2651 concesso
1585 2592 1640 2649 in
1669 2588 1820 2648 aliud
1847 2597 2058 2654 utatur;
2106 2604 2217 2645 nec

192 2681 329 2738 ‚erit
361 2674 593 2735 difficile
624 2674 909 2734 custodire
933 2684 1046 2732 tam
1073 2691 1309 2750 paucos.

942 2823 1229 2885 xxxnn.
1260 2823 1505 2903 [nur]
1589 2907 1600 2922 ,

889 2923 1208 2974 TRAIANUS
1254 2922 1463 2972 PLINIO
1506 2921 1558 2973 S.

351 3031 475 3091 Tibi
500 3029 726 3108 quidem
754 3025 1064 3087 secundum
1099 3024 1363 3103 exempla
1392 3023 1741 3103 conplurium
1771 3025 1827 3082 in
1854 3034 2095 3084 mentem
2123 3044 2219 3086 ve·
2239 3038 2269 3087 1

224 3121 308 3178 nit
346 3133 525 3196 posse
563 3111 870 3190 collegium
909 3110 1196 3170 fabrorum
1240 3108 1388 3188 apud
1436 3106 1886 3168 Nicomedenses
1936 3111 2216 3170 constitui.

229 3201 346 3262 Sed
366 3199 802 3259 *meminerimus
835 3193 1182 3274 provinciam
1211 3195 1375 3254 istam
1405 3202 1462 3253 et
1495 3193 1803 3271 praecipue
1835 3212 1932 3253 eas
1964 3197 2221 3255 civitates

137 3296 211 3349 35
233 3283 510 3347 eiusmodi
550 3282 889 3343 factionibus
931 3299 1065 3341 esse
1104 3288 1357 3338 vexatas.
1443 3277 1854 3357 Quodcumque
1895 3296 2097 3338 nomen
2149 3297 2223 3337 ex

231 3385 586 3450 quacumque
645 3381 815 3427 causa
857 3364 1178 3425 dederimus
1220 3357 1290 3421 iis
1336 3365 1431 3443 qui
1472 3365 1527 3422 in
1576 3362 1723 3422 idem
1777 3366 2050 3423 contracti
2100 3361 2221 3420 fue-

231 3459 342 3516 rint
387 3499 402 3513 .
429 3497 444 3512 .
471 3500 483 3511 .
516 3452 919 3528 hetaeriaeque
962 3450 1123 3510 brevi
1152 3448 1305 3509 fient.
1368 3447 1557 3509 Satius
1590 3449 1779 3529 itaque
1810 3456 1904 3592 elsi
1930 3447 2221 3524 conparari
2241 3455 2274 3505 2

319 3541 465 3593 Puni
494 3540 590 3593 ΕΡ.

129 2869 202 2922 30
