2467 3850
321 187 404 252 56
1157 190 1221 253 C.
1267 188 1460 254 PLINI

321 359 413 401 me
439 360 510 402 an
537 340 745 421 aliquid
772 344 1056 403 omiserim
1084 362 1300 423 rursus,
1334 353 1391 405 et
1418 361 1614 405 rursus
1643 362 1826 425 paene
1857 346 2035 405 omisi.
2078 342 2313 406 Summo

322 427 414 488 die
445 425 666 487 Salvius
704 426 972 487 Liberalis
1015 427 1269 506 reliquos
1301 429 1520 507 legatos
1548 431 1794 507 graviter
1820 429 2132 507 increpuit,
2171 438 2315 490 tam·

322 526 486 587 quam
513 526 625 570 non
656 527 851 571 omnes
890 528 1034 590 quos
1076 511 1392 573 mandasset
1434 515 1722 593 provincia
1759 530 1892 573 reos
1922 515 2312 591 peregissent,

320 602 510 673 atque,
542 604 604 654 ut
637 603 727 655 est
753 595 1061 655 vehemens
1091 606 1149 656 et
1178 595 1443 673 disertus,
1473 597 1529 657 in
1559 596 1857 657 discrimen
1886 596 2129 656 adduxit.
2173 595 2311 656 Pro·

320 678 438 739 texi
479 679 634 736 viros
665 680 909 756 optimos
944 678 1292 758 eosdemque
1322 681 1700 758 gratissimos:
1750 680 1881 739 mihi
1911 688 2067 739 certe
2094 678 2314 740 debere
2332 688 2367 740 5

236 769 305 826 37
322 779 388 822 se
419 761 744 841 praedicant
790 764 941 840 quod
970 762 1127 822 illum
1155 762 1446 824 turbinem·
1461 766 1758 824 evaserint.
1823 762 1929 823 Hic
1960 766 2069 823 erit
2095 765 2312 842 epistu-

322 845 415 906 lae
446 846 596 922 finis,
629 863 692 906 re
722 863 857 907 vera
889 848 1041 914 finis;
1070 847 1311 907 litteram
1340 865 1451 907 non
1482 846 1712 925 addam,
1756 848 1972 908 etiamsi
1996 846 2179 907 adhuc
2207 846 2310 906 ali·

321 929 456 1009 quid
482 931 823 1009 praeterisse
850 949 941 991 me
972 947 1226 993 sensero.
1290 930 1449 991 Vale.

423 1164 475 1216 C.
514 1164 766 1217 PLINIUS
802 1163 1135 1216 VESTRICIO
1172 1164 1537 1217 SPURINNAE
1570 1162 1689 1215 SUO
1728 1165 1808 1215 ET
1843 1161 2117 1214 COTTIAE
2150 1160 2205 1216 S.
2329 1099 2399 1153 10

274 1283 303 1334 1
445 1264 853 1345 Composuisse
894 1283 984 1325 me
1024 1265 1295 1345 quaedam
1336 1267 1408 1327 de
1448 1266 1563 1328 filio
1603 1276 1797 1327 vestro
1837 1281 1950 1325 non
1979 1265 2090 1324 dixi
2117 1265 2310 1342 vobis,

326 1368 453 1411 cum
482 1352 736 1429 proxime
768 1348 916 1427 apud
942 1366 1049 1408 vos
1078 1350 1177 1424 fui,
1211 1353 1479 1429 primum,
1514 1352 1641 1429 quia
1671 1367 1781 1410 non
1812 1349 1942 1409 ideo
1971 1350 2313 1427 scripseram

323 1444 385 1495 ut
408 1434 680 1511 dicerem,
713 1432 815 1492 sed
835 1442 896 1492 ut
919 1449 1049 1491 meo
1071 1437 1266 1511 amori,
1298 1451 1425 1493 meo
1449 1433 1629 1495 dolori
1653 1433 2057 1509 satisfacerem,
2082 1431 2309 1507 deinde,

325 1521 453 1598 quia
482 1529 565 1596 te,
592 1517 864 1596 Spurinna
881 1563 898 1594 ,
930 1534 1055 1575 cum
1084 1516 1340 1579 audisses
1371 1520 1643 1578 recitasse
1671 1534 1784 1594 me,
1817 1526 1876 1575 ut
1903 1517 2033 1576 mihi
2062 1518 2191 1594 ipse
2220 1515 2308 1575 di·
2330 1521 2397 1573 15

273 1603 479 1680 2xisti,
511 1600 642 1681 quid
672 1602 1003 1660 recitassem
1031 1600 1191 1661 simul
1219 1601 1447 1661 audisse
1477 1600 1795 1660 credebam.
1842 1599 2141 1660 Praeterea
2163 1600 2313 1658 veri-

325 1693 416 1746 tus
455 1703 578 1744 sum
616 1702 690 1745 ne
729 1702 835 1744 vos
875 1684 1038 1743 festis
1081 1684 1280 1746 diebus
1325 1685 1725 1745 confunderem
1745 1729 1764 1762 ,
1804 1687 1852 1744 si
1894 1686 1950 1743 in
1989 1683 2313 1742 memoriam

326 1771 639 1848 gravissimi
669 1768 852 1829 luctus
892 1768 1264 1829 reduxissem.
1330 1767 1492 1830 Nunc
1534 1785 1759 1847 quoque
1801 1767 2089 1846 paulisper
2127 1767 2313 1826 haesi-

325 1855 439 1915 tavi
469 1853 524 1913 id
552 1853 734 1912 solum
763 1850 915 1932 quod
944 1855 1176 1913 recitavi
1205 1855 1483 1914 mitterem
1512 1851 1867 1930 exigentibus
1889 1851 2075 1927 vobis,
2109 1868 2177 1910 an
2197 1849 2312 1910 adi·

275 1951 310 2005 3
330 1956 521 2000 cerem
555 1956 699 2017 quae
738 1941 794 1997 in
837 1937 983 1997 aliud
1024 1938 1290 1998 volumen
1330 1939 1522 2016 cogito
1554 1953 1865 1996 reservare.
1931 1935 2135 2013 Neque
2163 1938 2399 1998 enim2o

327 2022 642 2083 adfectibus
684 2024 826 2082 meis
868 2039 979 2081 uno
1020 2021 1217 2082 libello
1261 2024 1597 2081 carissimam
1633 2020 1766 2079 mihi
1807 2029 1865 2079 et
1908 2020 2315 2079 sanctissimam

327 2109 648 2167 memoriam
689 2107 958 2185 prosequi
1003 2107 1136 2163 satis
1167 2113 1290 2180 est,
1335 2106 1493 2163 cuius
1533 2103 1712 2164 famae
1754 2102 1918 2163 latius
1959 2102 2312 2178 consuletur,

276 2193 377 2257 4si
406 2189 728 2270 dispensata
771 2197 829 2249 et
870 2189 1088 2265 digesta
1131 2186 1316 2246 fuerit.
1378 2186 1585 2247 Verum
1627 2188 1920 2248 haesitanti
1959 2187 2088 2246 mihi
2132 2188 2316 2245 omnia

327 2292 472 2353 quae
506 2277 614 2334 iam
644 2274 937 2349 composui
974 2270 1137 2330 vobis
1179 2270 1540 2349 exhiberem,
1581 2288 1650 2330 an
1691 2270 1871 2331 adhuc
1912 2270 2094 2348 aliqua
2125 2269 2314 2329 differ·

326 2376 480 2435 rem,
525 2357 834 2437 simplicius
879 2362 938 2413 et
978 2355 1209 2412 amicius
1249 2355 1431 2414 visum
1471 2364 1560 2415 est
1588 2357 1801 2432 omnia,
1842 2356 2152 2434 praecipue
2183 2365 2398 2421 cumas

278 2458 310 2510 5
329 2443 631 2503 adfirmetis
659 2442 800 2499 intra
827 2453 932 2496 vos
962 2437 1175 2513 futura,
1219 2436 1403 2498 donec
1433 2438 1658 2518 placeat
1686 2441 1960 2498 emittere.
2021 2435 2188 2509 Quod
2219 2455 2314 2495 su-

327 2534 559 2606 perest,
590 2539 733 2600 rogo
763 2529 824 2580 ut
852 2523 971 2599 pari
1003 2521 1394 2599 simplicitate,
1426 2523 1473 2580 si
1504 2540 1611 2601 qua
1642 2522 2029 2581 existimabitis
2058 2519 2317 2581 addenda

277 2622 311 2676 6
330 2605 712 2668 commutanda
745 2604 1077 2682 omittenda,
1123 2604 1383 2666 indicetis
1413 2606 1561 2665 mihi.
1622 2604 1868 2665 Difficile
1898 2614 1988 2664 est
2014 2604 2317 2681 hucusque

327 2691 619 2752 intendere
661 2690 894 2748 animum
936 2690 992 2748 in
1035 2687 1264 2757 dolore;
1315 2689 1577 2766 difficile,
1623 2688 1728 2748 sed
1757 2698 1942 2748 tamen
1969 2696 2030 2746 ut
2064 2686 2317 2767 scalpto-

326 2792 479 2849 rem,
511 2783 571 2832 ut
600 2775 905 2851 pictorem,
951 2774 1047 2850 qui
1076 2772 1172 2832 filii
1201 2775 1377 2833 vestri
1419 2775 1714 2850 imaginem
1755 2773 2005 2847 faceret,
2046 2770 2401 2835 admone-30

328 2859 464 2917 retis
498 2856 628 2935 quid
669 2859 1017 2936 exprimere,
1063 2855 1191 2935 quid
1225 2857 1522 2917 emendare
1555 2856 1825 2933 deberet,
1859 2859 1934 2915 ita
1963 2872 2054 2914 me
2084 2872 2317 2933 quoque

328 2941 566 3000 formate
607 2943 824 3018 regite,
868 2943 960 3019 qui
991 2957 1103 2999 non
1132 2939 1391 3018 fragilem
1422 2950 1480 3000 et
1512 2939 1775 3000 caducam
1806 2938 1907 2999 sed
1941 2938 2316 3016 inmortalem,

327 3034 390 3084 ut
430 3040 535 3082 vos
577 3027 816 3103 putatis,
861 3024 1110 3102 effigiem
1153 3040 1330 3083 conor
1371 3024 1635 3093 efficere3
1681 3041 1824 3101 quae
1866 3024 1976 3082 hoc
2007 3021 2321 3082 diuturnior

330 3109 456 3185 erit,
491 3125 603 3186 quo
632 3111 821 3169 verior
846 3108 1048 3169 melior
1075 3106 1385 3168 absolutior
1411 3107 1595 3168 fuerit.
1658 3106 1877 3168 Valete.

1263 3240 1361 3302 XI.

750 3343 807 3395 c.
843 3340 1094 3394 anms
1125 3339 1294 3392 mmo
1333 3340 1633 3391 Gssm'rom
1671 3340 1790 3391 suo
1826 3340 1880 3392 s.

281 3454 302 3505 1
454 3442 560 3505 Est
589 3444 810 3503 omnino
836 3441 1175 3504 Artemidori
1203 3444 1379 3501 nostri
1406 3452 1518 3502 tam
1545 3442 1788 3519 benigna
1815 3451 2008 3502 natura
2037 3450 2099 3501 ut
2127 3442 2325 3505 officia

2336 3202 2404 3257 35
