2467 3850
0 576 33 601 b

714 162 1235 228 EPISTULARUM
1260 163 1414 225 VIII.
1451 175 1538 228 20.
1571 175 1659 228 21.
2055 162 2174 228 171

187 320 377 397 Saepe
417 316 667 380 minores
706 318 1008 377 maioribus
1054 316 1213 377 velut
1257 316 1554 377 cumbulae
1595 318 1868 377 onerariis
1909 315 2228 378 adhaere-7

188 411 387 477 scunt,
432 418 608 479 saepe
650 404 794 460 inter
833 420 897 462 se
932 402 1173 462 maiores
1202 404 1563 478 minoresque
1602 404 1759 478 quasi
1796 418 2020 460 cursum
2051 418 2174 460 cer·

187 496 483 562 tamenque
513 484 838 553 desumunt;
870 502 1063 545 rursus
1093 499 1287 545 omnes
1319 487 1372 543 in
1404 482 1644 544 eundem
1668 483 1857 543 locum
1881 482 2172 561 adpulsae,

189 586 298 647 qua
328 577 606 627 steterunt
634 577 967 646 promovent
996 577 1221 645 terram,
1253 577 1311 629 et
1338 568 1505 628 modo
1534 566 1639 627 hac
1668 568 1833 627 modo
1862 567 1958 627 illa
1991 566 2175 627 lacum

139 651 428 711 5reddunt
466 651 865 729 auferuntque3
907 668 975 710 ac
1014 660 1129 710 tum
1170 652 1426 728 demum,
1472 670 1597 711 cum
1633 651 1874 711 medium
1913 661 2172 727 tenuere,

188 752 298 794 non
334 735 682 797 contrahunt.
740 733 970 794 Constat
1005 752 1218 814 pecora
1263 735 1467 795 herbas
1509 744 1706 794 secuta
1747 737 1831 797 sic
1868 736 1925 793 in
1965 733 2228 795 insulas8

188 818 320 878 illas
344 827 402 877 ut
443 820 497 876 in
528 828 831 878 extremam
860 820 1036 895 ripam
1077 819 1397 897 procedere
1433 817 1625 878 solere
1665 836 1776 878 nec
1816 821 1971 896 prius
2010 817 2174 878 intel-

189 902 390 979 legere
417 901 626 961 mobile
661 901 874 977 solum‚
909 919 1071 979 quam
1101 901 1252 962 litori
1280 903 1510 980 abrepta
1546 903 1704 980 quasi
1731 902 1902 961 inlata
1929 910 1986 961 et
2013 902 2174 979 inpo-

189 985 296 1045 sita
327 986 720 1045 circumfusum
742 984 985 1063 undique
1015 983 1197 1045 lacum
1228 994 1495 1065 paveant:
1520 1002 1650 1044 mox
1672 1001 1786 1064 quo
1816 985 2010 1046 tulerit
2037 1002 2174 1045 ven·

107 1078 280 1133 lotus
304 1087 560 1146 egressa,
588 1086 699 1128 non
728 1070 904 1145 magis
935 1087 999 1128 se
1030 1069 1400 1130 descendisse
1432 1070 1666 1145 sentire,
1698 1087 1859 1147 quam
1890 1070 2174 1129 senserint

190 1153 540 1213 ascendisse.
597 1152 752 1211 Idem
783 1152 938 1212 lacus
970 1154 1024 1212 in
1052 1152 1256 1213 flumen
1292 1155 1573 1231 egeritur,
1607 1153 1788 1231 quod,
1819 1153 1912 1213 ubi
1944 1172 2007 1212 se
2038 1169 2174 1231 pau·
2193 1159 2227 1211 9

190 1236 369 1315 lisper
397 1236 579 1296 oculis
610 1235 784 1312 dedit,
822 1253 998 1314 specu
1031 1238 1301 1314 mergitur
1332 1237 1561 1315 alteque
1593 1235 1875 1297 conditum
1904 1245 2071 1312 meat,
2104 1253 2170 1296 ac

191 1321 238 1378 si
270 1319 433 1397 quid,
477 1329 769 1397 antequam
811 1319 1250 1397 subduceretur,
1304 1323 1563 1399 accepit,
1616 1330 1804 1381 servat
1844 1330 1900 1380 et
1935 1320 2170 1400 profert.

191 1402 347 1463 Haec
376 1404 474 1464 tibi
506 1403 744 1481 scripsi,
784 1404 910 1480 quia
950 1421 1057 1462 nec
1087 1406 1267 1463 minus
1298 1407 1488 1481 ignota
1513 1422 1674 1483 quam
1700 1403 1830 1463 mihi
1860 1423 1968 1464 nec
1991 1405 2170 1462 minus
2192 1412 2259 1463 10

113 1502 179 1553 15
192 1496 349 1563 grata
372 1485 691 1548 credebam.
734 1484 873 1545 Nam
903 1494 958 1545 te
993 1504 1255 1566 quoque,
1290 1498 1349 1548 ut
1385 1506 1507 1564 me,
1541 1486 1674 1548 nihil
1705 1506 1887 1567 aeque
1918 1506 1986 1547 ac
2019 1495 2173 1546 natu·

190 1588 289 1630 rae
313 1587 486 1648 opera
509 1570 807 1630 delectant.
865 1568 1025 1630 Vale.

1102 1700 1256 1763 XXI.

734 1800 786 1851 o,
826 1799 1076 1852 munis
1109 1800 1395 1852 AnniANo
1432 1801 1553 1852 suo
1591 1800 1646 1867 s.

108 1913 178 1967 20
315 1902 389 1964 Ut
427 1903 483 1963 in
526 1904 639 1963 vita
681 1905 766 1965 sic
810 1904 865 1964 in
909 1904 1106 1964 studiis
1146 1903 1582 1983 pulcherrimum
1624 1912 1684 1963 et
1724 1901 2169 1963 humanissimum
2195 1914 2220 1964 1

191 1990 450 2048 existimo
486 1990 843 2047 severitatem
875 1990 1305 2067 comitatemque
1347 1991 1622 2065 miscere,
1665 2006 1736 2046 ne
1774 1986 1869 2046 illa
1911 1989 1964 2046 in
2005 1989 2173 2047 tristi-

188 2074 354 2149 tiam,
398 2071 540 2131 haec
576 2074 633 2130 in
674 2071 1031 2149 petulantiam
1068 2072 1326 2132 excedat.
1390 2070 1511 2145 Qua
1533 2073 1748 2131 ratione
1781 2072 2015 2146 ductus,
2047 2081 2225 2146 gra-2

190 2158 348 2216 viora
393 2172 568 2233 opera
611 2154 828 2215 lusibus
870 2156 1128 2233 iocisque
1169 2156 1469 2233 distinguo.
1534 2155 1623 2215 'Ad
1660 2156 1768 2215 hos
1798 2154 2174 2234 proferendos

192 2249 251 2299 et
293 2249 518 2317 tempus
549 2249 607 2298 et
647 2238 834 2298 locum
877 2242 1406 2338 opportunissimum
1447 2238 1630 2317 elegi;
1684 2249 1857 2316 utque
1890 2240 1997 2297 iam
2026 2255 2172 2298 nunc

108 2328 174 2381 25
190 2322 596 2383 adsuescerent
637 2333 695 2382 et
716 2324 785 2382 ab
832 2324 1027 2384 otiosis
1060 2326 1199 2383 etin
1240 2325 1482 2384 triclinio
1517 2323 1726 2401 audiri,
1769 2322 1912 2382 Iulio
1953 2340 2171 2397 mense,

192 2424 304 2485 quo
327 2407 562 2468 maxime
594 2406 723 2468 lites
754 2408 1231 2485 interquiescnnt‚
1287 2409 1486 2486 positis
1517 2418 1645 2468 ante
1675 2406 1859 2467 lectos
1892 2405 2171 2467 cathedris

190 2491 403 2549 amicos
429 2489 726 2550 collocavi.
770 2489 941 2550 Forte
971 2490 1175 2550 accidit
1212 2500 1272 2550 ut
1310 2491 1512 2552 eodem
1542 2492 1631 2551 die
1658 2509 1818 2551 mane
1848 2492 1903 2548 in
1933 2481 2173 2550 advoca·
2189 2496 2225 2548 3

190 2575 403 2633 tionem
445 2573 683 2632 subitam
721 2592 986 2651 rogarer,
1029 2574 1182 2652 quod
1210 2574 1344 2634 mihi
1375 2593 1598 2635 causam
1631 2573 2041 2653 praeloquendi
2076 2573 2172 2631 de-

194 2656 291 2716 dit.
350 2656 485 2714 Sum
515 2658 660 2715 enim
700 2657 1037 2734 deprecatus
1069 2676 1141 2716 ne
1176 2660 1301 2736 quis
1334 2668 1393 2718 ut
1421 2660 1834 2717 inreverentem
1865 2657 2057 2733 operis
2089 2673 2174 2713 ar-

108 2750 179 2803 30
198 2749 422 2817 gneret‚
449 2739 600 2817 quod
620 2743 977 2819 recitaturus,
1009 2758 1337 2819 quamquam
1367 2751 1424 2801 et
1447 2742 1638 2800 amicis
1668 2750 1725 2800 et
1753 2741 1970 2819 panem,
2003 2736 2058 2796 id
2087 2747 2178 2797 est

195 2826 396 2884 iterum
422 2824 614 2883 amicis
631 2869 647 2899 ‚
674 2824 799 2884 foro
828 2834 886 2885 et
912 2827 1159 2902 negotiis
1180 2843 1293 2885 non
1317 2825 1731 2885 abstinuissem.
1792 2821 1996 2882 Addidi
2028 2821 2175 2881 hunc

196 2907 448 2967 ordinem
491 2925 580 2965 me
627 2909 682 2966 in
726 2909 1025 2969 scribendo
1060 2909 1222 2987 sequi
1265 2919 1323 2968 ut
1363 2911 1740 2968 necessitates
1768 2905 2171 2984 voluptatibus,

196 2992 342 3051 seria
372 2989 627 3049 iucundis
654 2992 989 3052 anteferrem
1007 3039 1024 3069 ,
1057 3011 1125 3053 ac
1152 2995 1384 3071 primum
1406 2993 1629 3069 amicis,
1659 3000 1772 3051 tum
1802 2989 1931 3049 mihi
1962 2989 2176 3048 scribe-

195 3092 335 3134 rem.
380 3072 549 3133 Liber
577 3073 679 3133 fuit
711 3084 767 3133 et
799 3075 1088 3153 opusculis
1109 3077 1294 3136 varius
1324 3086 1382 3137 et
1409 3077 1621 3138 metris.
1664 3073 1747 3134 Ita
1779 3074 2049 3149 solemus,
2082 3074 2230 3151 qui4

111 3159 419 3235 35ingenio
451 3175 642 3237 parum
682 3157 930 3236 fidimus,
971 3162 1242 3219 satietatis
1283 3158 1594 3237 periculum
1637 3159 1856 3236 fugere.
1918 3156 2176 3217 Recitavi

198 3242 394 3303 biduo:
433 3241 545 3302 hoc
570 3240 845 3302 adsensus
875 3242 1208 3303 audientium
1239 3245 1460 3320 exegit:
1493 3253 1551 3303 et
1579 3252 1763 3303 tamen
1791 3252 1851 3302 ut
1879 3240 1972 3302 alii
1998 3249 2177 3302 trans·

197 3335 330 3386 eunt
362 3325 631 3403 quaedam
669 3329 1032 3404 inputantque
1065 3327 1213 3404 quod
1242 3337 1557 3402 transeant,
1603 3328 1689 3387 sic
1718 3343 1830 3404 ego
1852 3323 1985 3385 nihil
2014 3342 2176 3404 prae·

199 3420 360 3469 tereo
393 3410 575 3487 adque
606 3414 770 3471 etiam
801 3428 912 3471 non
943 3413 1254 3489 praeterire
1281 3428 1373 3472 me
1401 3411 1551 3473 dico.
1612 3409 1769 3488 Lego
1798 3413 1945 3470 enim
1973 3409 2174 3471 omnia.
