2467 3850
348 164 433 228 50
1182 161 1249 222 C.
1289 160 1482 222 PLINI

294 325 329 380 3
345 318 551 393 iacent,
574 324 776 375 venter
795 315 1055 374 recessit.
1093 314 1144 373 A
1171 324 1338 392 tergo
1362 333 1588 393 quoque
1613 315 1809 375 eadem
1832 323 1985 375 aetas
2009 324 2068 374 ut
2090 331 2122 373 a
2144 323 2235 374 ter
2321 361 2334 374 .

342 400 461 460 Aes
475 401 680 478 ipsum,
707 408 969 476 quantum
990 416 1161 457 verus
1189 398 1352 458 color
1372 399 1597 475 indicat,
1623 407 1786 458 vetus
1817 408 1875 458 et
1903 402 2202 476 antiquum.
2213 318 2312 541 ῖς

344 482 415 543 lia
445 483 688 561 denique
725 483 908 541 omnia
933 491 993 541 ut
1016 483 1237 560 possint
1264 483 1535 542 artificum
1561 481 1761 541 oculos
1788 492 2010 561 tenere,
2044 481 2211 542 delec
2269 501 2335 543 re

180 632 203 645 μ
295 569 745 646 4imperitorum.
812 564 977 638 Quod
1017 584 1107 625 me
1151 583 1483 644 quamquam
1522 565 1858 626 tirunculum
1899 565 2221 626 sollicitavit
2264 567 2338 626 ad

344 650 656 711 emendum.
703 648 829 708 Emi
862 659 1080 726 autem,
1110 667 1222 709 non
1250 659 1310 709 ut
1337 650 1605 709 haberem
1637 649 1786 708 domi
1816 650 2034 728 (neque
2071 651 2216 708 enim
2251 649 2388 710 ul-5

342 733 457 794 lum
485 735 668 794 adbuc
697 730 1042 792 Corinthium
1068 733 1213 793 domi
1251 733 1465 811 babeo)
1488 779 1505 809 ,
1543 750 1738 793 verum
1766 742 1824 792 ut
1857 736 1912 791 in
1937 736 2113 812 patria
2141 744 2337 794 nostra

292 827 323 879 5
345 817 560 878 celebri
588 817 721 878 loco
756 834 1050 896 ponerem,
1079 835 1147 876 ac
1182 819 1532 895 potissimum
1561 818 1615 875 in
1645 815 1798 877 lovis
1823 815 2066 896 templo:
2111 815 2337 877 videtur

343 904 492 962 enim
524 902 749 979 dignum
777 900 1027 980 templo,
1072 901 1299 978 dignum
1328 900 1438 960 deo
1469 899 1693 960 donum.
1759 900 1839 959 Tu
1876 918 2049 978 ergo,
2083 910 2143 960 ut
2174 900 2334 961 soles

346 988 527 1046 omnia
558 1004 702 1064 quae
730 1003 764 1044 a
798 1003 888 1044 me
919 984 1019 1044 tibi
1052 986 1437 1062 iniunguntur,
1481 986 1712 1063 suscipe
1742 985 1884 1044 banc
1919 1002 2106 1043 curam
2138 993 2197 1044 et
2224 986 2330 1043 iam

342 1088 488 1129 nunc
511 1070 641 1130 iube
665 1069 841 1128 basim
864 1068 1006 1144 lieri,
1031 1087 1103 1127 ex
1126 1086 1235 1146 quo
1262 1068 1425 1128 voles
1436 1086 1728 1143 marmore,
1756 1086 1898 1145 quae
1921 1085 2123 1127 nomen
2144 1086 2329 1127 meum
2353 1074 2419 1125 lo

292 1154 703 1231 fihonoresque
745 1154 959 1230 capiat,
993 1154 1042 1211 si
1073 1152 1178 1212 hos
1214 1170 1441 1229 quoque
1478 1151 1702 1231 putabis
1729 1148 2078 1241 addendosj
2096 1151 2224 1229 Ego
2255 1154 2329 1211 si-

344 1255 514 1315 gnum
553 1239 767 1315 ipsum,
813 1245 872 1295 ut
915 1238 1149 1314 primum
1190 1238 1461 1296 invenero
1502 1235 1743 1313 aliquem
1771 1238 1865 1314 qui
1900 1252 2011 1294 non
2039 1245 2329 1312 gravetur,

341 1324 550 1380 mittam
584 1321 715 1397 tibi,
758 1319 852 1378 vel
892 1321 1050 1398 ipse,
1097 1319 1250 1398 quod
1282 1321 1487 1396 mavis,
1533 1319 1780 1379 adferam
1804 1336 2043 1379 mecum.
2090 1319 2330 1379 Destino

292 1412 323 1466 7
342 1407 521 1481 enim,
554 1406 603 1465 si
628 1412 809 1463 tamen
839 1403 1010 1462 officii
1040 1406 1181 1463 ratio
1208 1405 1558 1482 permiserit,
1597 1421 1902 1463 excurrere
1932 1405 2060 1463 isto.
2106 1402 2330 1462 Gaudes

341 1487 493 1568 quod
521 1506 611 1547 me
639 1497 932 1547 venturum
955 1506 1087 1547 esse
1115 1486 1414 1567 polliceor,
1441 1488 1544 1547 sed
1574 1487 1873 1547 contrahes
1903 1486 2165 1563 frontem,
2202 1505 2329 1546 cum
2350 1494 2413 1548 15

341 1573 605 1632 adiecero
634 1569 703 1630 ad
739 1589 951 1650 paucos
980 1570 1131 1631 dies:
1173 1589 1361 1648 neque
1389 1573 1533 1630 enim
1558 1570 1760 1631 diutius
1783 1573 1987 1631 abesse
2011 1589 2099 1630 me
2132 1569 2329 1630 eadem

342 1656 482 1716 haec
513 1674 656 1735 quae
688 1656 933 1715 nondum
963 1657 1119 1715 exire
1147 1656 1444 1735 patiuntur.
1510 1654 1668 1714 Vale.

1269 1788 1393 1848 vll.

790 1889 843 1943 c,
887 1888 1136 1942 PLINIUS
1172 1888 1427 1941 οΑΝιΝιο
1465 1887 1630 1940 auro
1665 1886 1782 1940 suo
1827 1888 1879 1942 s,
2335 1864 2411 1968 '20

290 2007 317 2057 l
451 1991 622 2053 Modo
654 1994 935 2053 nuntiatus
967 2000 1055 2050 est
1088 1991 1259 2050 Silius
1284 1990 1511 2050 Italicus
1534 1994 1588 2049 in
1616 1989 1987 2069 Neapolitano
2017 2005 2122 2050 suo
2147 1990 2330 2049 inedia

290 2089 323 2140 2
342 2077 533 2137 finisse
562 2078 749 2135 vitam.
790 2073 971 2134 Causa
999 2076 1194 2134 mortis
1218 2074 1505 2133 valetudo.
1542 2073 1677 2134 Erat
1706 2074 1786 2132 illi
1818 2082 1978 2135 natus
2003 2073 2329 2133 insanabilis

343 2160 570 2235 clavus,
617 2160 776 2218 cuius
812 2157 1000 2217 taedio
1039 2156 1109 2217 ad
1144 2166 1381 2217 mortem
1409 2158 1780 2218 inrevocabili
1816 2159 2125 2220 constantia
2154 2156 2328 2216 decu-

342 2244 531 2316 currit,
563 2259 745 2318 usque
776 2239 843 2299 ad
873 2257 1194 2318 supremum
1219 2240 1367 2299 diem
1396 2241 1594 2301 beatus
1630 2252 1687 2301 et
1723 2242 1882 2319 felix,
1913 2242 2020 2302 nisi
2044 2239 2200 2318 quod
2228 2244 2327 2299 mi-

340 2341 534 2383 norem
562 2342 634 2382 ex
667 2322 861 2383 liberis
890 2322 1108 2383 duobus
1137 2325 1339 2401 amisit,
1371 2324 1473 2384 sed
1499 2328 1761 2384 maiorem
1785 2325 2193 2402 melioremque
2225 2324 2325 2383 flo·
2345 2328 2407 2379 25
2453 2369 2454 2380 ,

288 2418 556 2473 arentem
580 2415 748 2484 atque
779 2407 944 2466 etiam
976 2406 1327 2468 consularem
1356 2407 1598 2486 reliquit.
1646 2408 1910 2468 Laeserat
1939 2407 2138 2467 famam
2169 2426 2326 2468 suam

340 2493 447 2553 sub
461 2489 712 2566 Nerone,
740 2489 1076 2550 credebatur
1098 2500 1303 2569 sponte
1325 2510 1659 2559 accusasse;
1694 2493 1795 2554 sed
1811 2495 1865 2551 in
1878 2490 2069 2552 Vitelli
2086 2493 2327 2551 amicitia

341 2577 624 2654 sapienter
654 2592 718 2633 se
753 2582 809 2632 et
836 2575 1073 2633 comiter
1096 2585 1377 2652 gesserat,
1404 2594 1478 2635 ex
1490 2576 1890 2655 proconsulatu
1903 2575 2072 2634 Asiae
2087 2574 2329 2652 gloriam

338 2667 746 2738 reportaverat,
776 2656 1049 2717 maculam
1072 2661 1283 2719 veteris
1305 2659 1605 2719 industriae
1635 2659 1894 2719 laudabili
1910 2661 2026 2719 otio
2053 2657 2324 2718 abluerat.

288 2755 322 2805 4
339 2742 464 2802 Fuit
490 2744 637 2802 inter
663 2743 952 2821 principes
977 2743 1219 2801 civitatis
1243 2744 1364 2802 sine
1392 2746 1641 2822 potentia
1659 2789 1676 2819 ,
1706 2745 1830 2802 sine
1857 2742 2087 2801 invidia:
2119 2741 2326 2801 saluta·
2344 2754 2408 2807 30

340 2827 519 2904 batur,
548 2824 860 2904 colebatur,
890 2823 1232 2903 multumque
1258 2829 1315 2885 in
1340 2826 1551 2886 lectulo
1577 2830 1768 2888 iacens
1800 2825 2065 2887 cubiculo
2096 2843 2328 2904 semper

338 2927 449 2969 non
475 2927 550 2969 ex
571 2910 788 2970 fortuna
803 2909 1083 2987 frequenti
1099 2910 1440 2970 doctissimis
1453 2911 1806 2970 sermonibus
1820 2911 1941 2970 dies
1956 2910 2326 2987 transigebat,

287 3004 319 3054 5
341 3011 467 3052 cum
494 3011 528 3053 a
559 2994 858 3055 scribendo
887 3003 1132 3053 vacaret.
1174 2992 1474 3054 Scribebat
1498 2996 1735 3054 carmina
1764 2995 1972 3053 maiore
2003 3011 2136 3052 cura
2160 3011 2327 3072 quam

339 3078 586 3154 ingenio,
618 3094 729 3136 non
750 3094 1041 3155 numquam
1070 3076 1271 3136 iudicia
1302 3077 1580 3136 bominum
1604 3078 2029 3138 recitationibus
2062 3080 2326 3156 experie-

286 3170 319 3225 6
339 3160 514 3220 batur.
559 3158 876 3220 Novissime
899 3164 974 3220 ita
999 3160 1361 3221 suadentibus
1390 3163 1544 3222 annis
1574 3163 1643 3221 ab
1674 3162 1813 3221 urbe
1843 3162 2108 3237 secessit,
2140 3178 2325 3239 seque
2342 3166 2404 3220 35

338 3246 394 3305 in
424 3242 722 3322 Campania
754 3247 962 3320 tenuit,
1005 3262 1072 3304 ac
1099 3263 1171 3304 ne
1197 3245 1442 3304 adventu
1471 3245 1695 3324 quidem
1729 3248 1861 3304 novi
1891 3245 2162 3323 principis
2193 3245 2324 3303 inde

289 3335 320 3391 7
340 3337 650 3387 commotus
676 3335 781 3386 est.
828 3326 1028 3404 Magna
1053 3325 1313 3388 Caesaris
1335 3327 1477 3405 laus,
1514 3329 1619 3389 sub
1643 3345 1755 3408 quo
1786 3329 1897 3389 boc
1929 3326 2168 3387 liberum
2197 3328 2325 3405 fuit,

340 3429 535 3491 magna
563 3408 747 3487 illius,
786 3412 878 3490 qui
913 3411 1018 3472 hac
1047 3409 1305 3471 libertate
1334 3429 1501 3471 ausus
1537 3421 1626 3472 est
1661 3415 1755 3472 uti.
1797 3411 1930 3471 Erat
1960 3405 2329 3490 φιλόκαλος
