2467 3850
765 183 1290 246 PANEGYRICUS
1319 195 1404 249 58.
1432 196 1517 249 59.
1547 196 1633 251 60.
2085 189 2209 253 275

341 336 457 399 Sed
484 338 592 396 iam
622 347 844 417 tempus
875 347 964 398 est
990 349 1048 399 te
1084 339 1193 417 ipsi
1226 338 1539 399 consulatui
1578 348 1896 418 praestare,
1948 350 2009 402 ut
2037 345 2206 405 maio·
2228 346 2309 408 59

216 439 337 482 rem
369 439 497 482 eum
531 421 894 499 suscipiendo
923 421 1293 500 gerendoque
1334 421 1528 484 facias.
1591 420 1731 481 Nam
1775 425 2001 502 saepius
2043 445 2207 487 recu·

216 524 345 568 sare
390 505 704 582 ambiguam
730 523 798 564 ac
832 509 1022 585 potius
1065 504 1217 565 illam
1259 506 1777 585 interpretationem
1819 506 2021 596 habet,
2071 520 2205 570 tam-

217 607 381 668 quam
412 591 684 648 minorem
715 598 898 667 putes.
966 588 1047 649 Tu
1078 589 1304 688 quidem
1331 599 1391 649 ut
1421 591 1711 649 maximum
1749 555 2058 663 recusast'h
2102 596 2207 655 sed

149 685 191 736 5
209 674 321 734 hoc
347 673 693 751 persuadere
720 674 924 732 nemini
954 674 1193 751 poteris,
1228 674 1335 734 nisi
1363 673 1660 751 aliquando
1684 683 1743 733 et
1766 693 1878 734 non
1904 694 2205 738 recusave-

213 762 310 818 ris.
360 755 501 816 Cum
524 775 722 834 arcus,
750 774 875 815 cum
896 765 1146 835 tropaea,
1183 775 1307 815 cum
1333 765 1541 817 statuas
1566 757 1891 835 deprecaris
1909 805 1925 836 ,
1959 761 2203 821 tribuen-

214 843 283 901 da
324 850 413 901 est
452 839 828 903 verecundiae
873 850 1001 901 tuae
1040 841 1245 909 venia:
1287 840 1380 900 illa
1421 843 1569 900 enim
1609 859 1744 902 sane
1789 843 1887 902 tibi
1928 842 2205 905 dicantur:

210 943 362 985 nunc
414 935 552 984 vero
595 924 942 1004 postulamus
995 933 1055 983 ut
1106 923 1324 985 futuros
1376 925 1664 1004 principes
1715 924 1924 987 doceas
1973 929 2204 989 inertiae

213 1010 565 1084 renuntiare,
610 1006 901 1088 paulisper
928 1007 1161 1069 delicias
1190 1007 1450 1084 differre,
1492 1007 1784 1088 paulisper
1818 1019 1877 1070 et
1905 1011 2109 1072 saltem
2137 1013 2205 1074 ad

129 1107 199 1158 10
215 1094 609 1153 brevissimum
649 1102 873 1170 tempus
916 1109 989 1151 ex
1028 1091 1130 1151 illo
1169 1092 1457 1154 felicitatis
1502 1109 1699 1152 somno
1740 1092 1898 1154 velut
1928 1098 2202 1156 excitatos

212 1176 446 1236 induere
491 1185 871 1254 praetextam,
931 1193 1127 1254 quam,
1180 1194 1306 1236 cum
1346 1174 1478 1235 dare
1515 1185 1788 1255 possent,
1851 1180 2199 1257 occuparint,

215 1259 529 1321 ascendere
559 1260 840 1336 curulem,
893 1278 1056 1338 quam
1088 1260 1405 1337 detineant,
1450 1277 1583 1319 esse
1615 1258 1857 1338 denique
1888 1262 2042 1342 quod
2069 1280 2202 1323 con·

216 1347 543 1423 cupierunt,
595 1362 705 1403 nee
751 1343 889 1403 ideo
936 1353 1147 1403 tantum
1200 1333 1355 1403 velle
1405 1343 1672 1403 consules
1713 1345 1838 1404 fieri
1874 1355 1937 1406 ut
1976 1346 2196 1406 fuerint

218 1427 456 1489 Gessisti
495 1427 728 1487 alterum
772 1425 1156 1524 consulatum,
1213 1428 1369 1487 scio:
1421 1425 1580 1486 illum
1618 1430 1962 1490 exercitibus
1981 1476 1999 1507 ,
2044 1430 2201 1489 illum

129 1527 196 1578 15
220 1512 563 1593 provinciis,
592 1510 748 1570 illum
769 1512 939 1569 etiam
965 1510 1176 1569 exteris
1205 1510 1470 1586 gentibus
1505 1513 1720 1587 poteris
1752 1512 2042 1590 inputare,
2088 1531 2202 1573 non

214 1607 380 1675 potes
409 1596 591 1656 nobis.
634 1593 905 1655 Audimus
940 1592 1165 1691 quidem
1199 1601 1256 1651 te
1288 1610 1451 1652 omne
1477 1610 1674 1653 munus
1705 1596 1953 1658 consulis
1984 1598 2196 1673 obisse,

213 1680 318 1741 sed
346 1678 617 1739 audimus.
671 1677 896 1737 Diceris
937 1677 1274 1736 iustissimus
1305 1675 1729 1736 humanissimus
1757 1681 2198 1754 patientissimus

210 1761 424 1840 fuisse,
458 1762 563 1823 sed
596 1761 820 1824 diceris.
874 1760 1134 1839 Aequum
1162 1769 1253 1820 est
1281 1758 1575 1838 aliquando
1602 1774 1710 1819 nos
1737 1761 1945 1821 iudicio
1980 1773 2194 1841 nostro,

216 1847 398 1910 oculis
417 1847 646 1925 nostris,
670 1864 781 1905 non
803 1844 982 1904 famae
1004 1861 1232 1922 semper
1254 1853 1312 1903 et
1333 1845 1649 1904 rumoribus
1672 1843 1929 1908 credere.
1977 1845 2198 1918 Quous-

119 1945 196 1997 20
210 1951 325 2011 que
349 1931 618 1991 absentes
637 1930 706 1989 de
732 1929 966 1989 absente
988 1925 1398 2007 gaudebimus?
1418 1928 1608 1989 Liceat
1631 1929 1877 2005 experiri
1899 1948 1966 1989 an
1989 1929 2199 2008 aliquid

211 2015 514 2094 superbiae
543 2013 642 2072 tibi
669 2012 765 2071 ille
805 2013 931 2090 ipse
960 2011 1244 2073 secundus
1275 2011 1596 2072 consulatus
1629 2011 1895 2072 attulerit.
1964 2011 2198 2073 Multum

211 2101 269 2159 in
299 2095 680 2156 conmutandis
709 2095 1263 2156 moribus'hominum
1295 2096 1511 2156 medius
1540 2114 1711 2156 annus
1739 2095 1922 2173 valet,
1966 2099 2022 2156 i'n
2049 2099 2197 2176 prin·

216 2184 406 2261 cipum
442 2179 593 2259 plus.
665 2179 916 2250 Dicimus
960 2179 1218 2258 quidem,
1285 2181 1374 2239 cui
1426 2182 1602 2241 virtus
1656 2179 1839 2258 aliqua
1891 2184 2196 2260 contingat,

214 2284 410 2327 omnes
449 2266 669 2326 inesse:
721 2266 974 2342 cupimus
1014 2273 1198 2324 tamen
1242 2264 1489 2343 experiri
1530 2283 1600 2324 an
1642 2282 1788 2324 nunc
1823 2282 2050 2343 quoque
2091 2284 2200 2324 una

118 2364 194 2416 25
214 2349 524 2427 eademque
550 2367 645 2408 res
674 2350 749 2407 sit
781 2347 961 2408 bonus
993 2347 1189 2408 consul
1221 2357 1280 2408 et
1310 2349 1490 2409 bonus
1522 2350 1808 2427 priucepS.
1865 2348 2007 2410 Nam
2035 2368 2196 2428 prae·

211 2445 302 2495 ter
327 2433 384 2492 id
414 2432 566 2513 quod
592 2443 680 2493 est
706 2432 970 2509 arduum,
1013 2431 1150 2495 duas
1181 2450 1397 2511 easque
1431 2432 1594 2493 simul
1631 2451 1837 2511 capere
1882 2442 2196 2512 potestates

211 2535 474 2593 summas,
503 2527 620 2577 tum
648 2519 803 2576 inest
822 2519 1043 2594 utrique
1072 2533 1187 2576 non
1212 2516 1367 2577 nulla
1399 2515 1716 2594 diversitaS,
1741 2534 1867 2575 cum
1887 2518 2198 2595 principem

213 2610 378 2680 quam
406 2599 765 2661 simillimum
788 2618 921 2660 esse
938 2602 1211 2678 privato,
1240 2601 1543 2662 consulem
1566 2618 1747 2679 quam
1776 2598 2197 2663 dissimillimum

213 2685 435 2745 deceat.
498 2685 688 2762 Atque
720 2701 832 2760 ego
863 2682 1029 2744 video
1059 2686 1319 2762 proximo
1354 2700 1497 2743 anno
1539 2682 1861 2743 consulatus
1900 2681 2195 2743 recusandi
2217 2687 2298 2750 60

116 2770 354 2836 30hanc
380 2770 739 2847 praecipuam
758 2767 937 2827 fuisse
959 2769 1253 2845 rationem,
1290 2767 1439 2846 quod
1461 2786 1586 2826 eum
1615 2768 1820 2827 absens
1852 2785 2057 2844 gerere
2084 2784 2197 2826 non

209 2861 468 2932 poteras:
510 2851 613 2911 sed
652 2854 758 2911 iam
797 2842 922 2911 urbi
960 2854 1224 2934 votisque
1255 2852 1497 2930 publicis
1526 2850 1809 2925 reddituS,
1858 2849 1988 2928 quid
2022 2859 2112 2911 est
2142 2853 2195 2909 in

213 2954 330 3015 quo
358 2938 533 3012 magis
566 2937 643 2996 sis
676 2935 1083 3013 adprobatur-us
1115 2954 1281 3034 quan
1291 2946 1609 3014 quantaque
1639 2934 1846 2993 fuerint
1875 2952 2019 3011 quae
2047 2935 2193 2995 desi-

213 3015 586 3080 derabamus?
639 3018 833 3078 Parum
864 3029 953 3080 est
983 3029 1044 3080 ut
1074 3021 1130 3079 in
1163 3020 1371 3079 curiam
1395 3022 1624 3095 venias,
1659 3018 1767 3078 nisi
1796 3027 1853 3077 et
1885 3035 2193 3095 convoceS,

213 3113 276 3164 ut
318 3104 544 3164 intersis
587 3105 839 3179 senatui,
896 3104 1004 3164 nisi
1046 3114 1108 3163 et
1151 3102 1509 3182 praesideas,
1557 3111 1619 3163 ut
1649 3110 1950 3161 censentes
1981 3102 2191 3181 audias,

113 3200 194 3254 35
214 3188 324 3247 nisi
359 3196 417 3247 et
445 3204 741 3266 perroges.
799 3186 899 3246 Vis
927 3186 1066 3246 illud
1094 3187 1544 3264 augustissimum
1573 3183 1864 3246 consulum
1897 3185 2192 3265 aliquando

209 3270 450 3331 tribunal
481 3271 753 3331 maiestati
777 3288 911 3330 suae
939 3268 1226 3330 reddere?
1265 3269 1528 3331 ascende.
1586 3270 1687 3331 Vis
1730 3279 1989 3330 constare
2032 3287 2193 3329 reve-

210 3355 448 3414 rentiam
479 3355 921 3431 magistratibus,
954 3354 1180 3431 legibus
1211 3355 1620 3432 auctoritatem,
1648 3351 1974 3414 modestiam
2001 3360 2194 3431 postu-

213 3435 501 3497 lantibus?
542 3439 649 3499 adi.
706 3437 872 3511 Quod
901 3439 1047 3498 enim
1074 3440 1380 3501 interesset
1415 3441 1503 3502 rei
1531 3438 1829 3584 ριιΙιΙίιίειὲ*
1872 3439 1920 3499 si
1949 3437 2203 3515 privatus
