2467 3850
325 143 408 208 48
1152 141 1218 204 C.
1265 142 1457 205 PLINI

325 296 539 357 tissime
565 293 752 354 victor
778 294 853 354 ibi
880 294 1078 372 periit,
1111 296 1533 357 commendabat
1558 298 1878 355 memoriam
1904 313 2058 356 suam
2087 296 2304 359 orabat·

275 397 307 445 5
326 396 436 457 que
464 387 523 439 ut
549 395 614 438 se
645 378 716 439 ab
744 380 939 438 iniuria
969 378 1267 438 oblivionis
1295 380 1603 442 adsereret.
1637 379 1912 439 ‘Studiosi
1944 383 2176 457 tres’,in
2200 399 2305 440 sex

323 460 602 522 volumina
644 472 879 539 propter
907 461 1319 540 amplitudinem
1347 462 1542 539 divisi,
1586 464 1788 541 quibus
1816 471 2097 522 oratorem
2124 464 2194 522 ab
2224 466 2302 522 in·

323 542 612 605 cunabulis
654 547 888 605 instituit
917 554 974 604 et
1013 546 1251 623 perficit.
1317 546 1513 607 ‘Dubii
1543 549 1817 606 sermonis
1846 552 2034 607 octo’:
2078 548 2307 624 scripsit

323 628 427 691 suh
450 626 678 688 Nerone
700 629 1020 689 novissimis
1042 631 1221 703 annis,
1257 648 1382 690 cum
1411 648 1574 690 omne
1601 629 1910 691 studiorum
1932 648 2116 707 genus
2135 629 2304 707 paulo
2323 641 2359 694 5

272 727 305 780 6
324 712 555 772 liberius
585 720 642 770 et
682 714 929 773 erectius
959 712 1338 790 periculosum
1366 716 1608 774 servitus
1638 714 1891 775 fecisset.
1939 713 2016 772 ‘A
2047 714 2156 773 fine
2189 713 2305 772 An-

326 798 417 856 iidi
460 796 622 859 Bassi
663 797 888 872 triginta
929 802 1114 856 unus?
1193 795 1460 857 ‘Naturae
1503 797 1860 858 historiarum
1899 798 2124 874 triginta
2176 813 2306 874 sep-

322 884 483 957 tem’,
519 896 663 956 opus
679 878 952 956 diffusum,
986 880 1279 957 eruditum,
1306 899 1414 940 nec
1441 884 1618 941 minus
1639 882 1851 941 varium
1879 899 2041 958 quam
2064 882 2192 958 ipsa
2212 898 2305 940 na-

273 975 305 1029 7
324 973 463 1023 tura.
528 961 744 1023 Miraris
785 963 936 1041 quod
977 972 1060 1023 tot
1095 962 1379 1024 volumina
1418 963 1700 1043 multaque
1730 967 1786 1024 in
1812 964 1899 1025 his
1927 973 2038 1024 tam
2068 981 2303 1042 scrupu-

327 1048 454 1107 losa
486 1045 654 1105 homo
698 1056 1007 1125 occupatus
1045 1045 1393 1107 absolverit?
1439 1051 1620 1126 magis
1646 1049 1967 1124 miraberis,
2010 1049 2058 1107 si
2100 1049 2303 1108 scieris
2323 1054 2393 1111 10

325 1129 480 1190 illum
523 1130 840 1207 aliquandiu
882 1148 1081 1191 causas
1131 1133 1435 1208 actitasse,
1489 1131 1816 1192 decessisse
1860 1140 2206 1191 annofsexto
2247 1141 2305 1191 et

329 1213 1132 1294 quinquagensimo,.medium
1161 1223 1382 1293 tempus
1413 1215 1711 1275 distentum
1732 1214 2167 1293 impeditumque
2197 1233 2305 1293 qua

271 1310 306 1363 8
326 1298 533 1358 officiis
574 1300 826 1359 maximis
856 1315 964 1375 qua
1000 1299 1242 1357 amicitia
1273 1301 1584 1377 principum
1622 1300 1833 1376 egisse.
1881 1298 1996 1358 Sed
2024 1307 2143 1357 erat
2171 1316 2305 1357 acre

323 1384 634 1459 ingenium,
682 1380 1013 1441 incredibile
1050 1380 1324 1460 studium,
1370 1401 1578 1443 summa
1618 1383 1920 1460 vigilantia.
1984 1381 2305 1443 Lucubrare

321 1463 720 1526 Vulcanalibus
762 1465 1095 1542 incipiebat,
1149 1484 1264 1528 non
1303 1466 1628 1544 auspicandi
1672 1484 1840 1526 causa
1881 1466 1984 1527 sed
2020 1464 2302 1546 studendi,
2323 1463 2390 1517 15

323 1552 506 1610 statim
544 1567 577 1609 a
613 1558 784 1609 nocte
813 1548 1016 1625 multa,
1065 1548 1249 1608 hieme
1278 1567 1415 1608 vero
1448 1550 1517 1610 ab
1558 1550 1695 1610 hora
1735 1552 2002 1627 septima,
2037 1549 2129 1609 vel
2180 1567 2305 1608 cum

322 1632 671 1710 tardissime,
704 1642 937 1709 octava,
976 1649 1153 1710 saepe
1187 1643 1364 1693 sexta.
1414 1633 1549 1694 Erat
1577 1650 1717 1694 sane
1744 1635 1920 1694 somni
1948 1635 2304 1712 paratissimi,

321 1735 433 1781 non
470 1735 767 1797 numquam
808 1719 971 1776 etiam
1011 1719 1157 1776 inter
1194 1719 1318 1795 ipsa
1352 1718 1533 1778 studia
1575 1719 1827 1778 instantis
1867 1726 1924 1776 et
1965 1717 2303 1777 deserentis.

200 1801 470 1874 9Ante
511 1802 696 1862 lucem
734 1802 848 1861 ibat
893 1801 962 1861 ad
990 1799 1398 1881 Vespasianum
1431 1804 1823 1879 imperatorem
1855 1801 2006 1881 (nam
2034 1800 2130 1859 ille
2159 1817 2305 1883 quo-

325 1905 439 1968 que
470 1887 730 1949 noctibus
761 1885 1076 1966 utebatur),
1119 1885 1248 1946 inde
1287 1886 1357 1946 ad
1396 1885 1712 1965 delegatum
1745 1885 1851 1947 sibi
1876 1884 2144 1945 officium.
2192 1884 2302 1944 Re·
2319 1882 2392 1944 20

246 1989 308 2040 10
323 1991 523 2034 versus
552 1971 793 2047 domum,
826 1969 978 2049 quod
1006 1970 1244 2030 relicum
1272 1973 1564 2048 temporis,
1597 1970 1794 2030 studiis
1822 1969 2111 2030 reddebat.
2168 1968 2306 2029 Post

324 2058 509 2117 cibum
549 2073 759 2132 saepe,
812 2072 978 2131 quem
1017 2054 1256 2113 interdiu
1295 2052 1481 2112 levem
1518 2064 1577 2114 et
1615 2054 1836 2113 facilem
1865 2061 2118 2113 veterum
2142 2070 2306 2112 more

322 2140 609 2214 sumebat,
640 2147 889 2211 aestate,
922 2139 970 2196 si
998 2136 1130 2213 quid
1154 2137 1286 2211 otii,
1314 2137 1534 2196 iacebat
1554 2140 1611 2197 in
1638 2138 1785 2213 sole,
1815 2136 1960 2198 liber
1986 2136 2304 2215 legebatur,

321 2223 617 2283 adnotabat
647 2219 1129 2297 excerpebatque.
1174 2218 1327 2280 Nihil
1361 2220 1507 2278 enim
1533 2220 1673 2299 legit
1706 2222 1853 2299 quod
1882 2239 1991 2280 non
2023 2237 2306 2299 excerpe·

321 2315 437 2366 ret:
467 2304 658 2363 dicere
685 2305 847 2363 etiam
877 2301 1097 2362 solebat
1120 2301 1328 2360 nullum
1354 2321 1485 2363 esse
1512 2303 1711 2364 librum
1736 2315 1847 2365 tam
1873 2303 2072 2364 malum
2100 2313 2159 2363 ut
2188 2322 2302 2365 non
2318 2315 2386 2367 25

244 2403 302 2455 11
321 2389 503 2467 aliqua
529 2396 687 2465 parte
732 2385 1046 2463 prodesset.
1105 2384 1241 2445 Post
1278 2385 1464 2447 solem'
1496 2387 1826 2467 plerumque
1854 2389 2052 2465 frigida
2083 2387 2308 2448 lavaba-

325 2481 441 2534 tur':
492 2470 692 2530 deinde
732 2468 993 2546 gustabat
1024 2467 1446 2548 dormiebatque
1486 2473 1792 2532 minimum:
1844 2490 1976 2532 mox
1999 2474 2158 2549 quasi
2190 2470 2304 2532 alio

324 2556 414 2615 die
443 2552 705 2615 studebat
733 2555 788 2612 in
821 2569 997 2612 cenae
1023 2561 1264 2631 tempus.
1306 2554 1492 2632 Super
1516 2556 1659 2615 hanc
1689 2555 1834 2616 liber
1860 2555 2177 2633 legebatur,
2208 2555 2307 2615 ad-

242 2652 306 2703 12
322 2638 637 2713 notabatur,
664 2646 722 2696 et
753 2635 976 2714 quidem
1007 2640 1226 2697 cursim.
1268 2635 1491 2698 Memini
1522 2640 1794 2719 quendam
1818 2658 1891 2699 ex
1917 2641 2142 2716 amicis,
2174 2656 2306 2698 cum

321 2722 506 2782 lector
533 2720 807 2797 quaedam
847 2736 1141 2798 perperam
1171 2725 1619 2800 pronuntiasset,
1665 2740 1977 2784 revocasse
2016 2732 2073 2782 et
2113 2725 2391 2800 repeti30

323 2806 611 2882 coegisse,
639 2805 767 2864 huic
796 2803 1124 2864 avunculum
1149 2824 1332 2865 meum
1361 2806 1571 2868 dixisse
1601 2806 1986 2868 ‘intellexeras
2012 2803 2320 2885 nempe?’'

325 2908 450 2948 cum
478 2887 576 2947 ille
604 2888 922 2965 adnuisset,
961 2893 1087 2948 ‘cur
1115 2907 1256 2965 ergo
1283 2887 1639 2957 revocabas?
1678 2891 1878 2951 decem
1908 2890 2148 2968 amplius
2171 2909 2306 2950 ver·

239 2983 307 3035 13
324 2992 421 3033 sus
447 2972 553 3032 hac
578 2982 674 3032 tua
698 2971 1148 3050 interpellatione
1178 2973 1539 3052 perdidimus.
1545 2980 1565 3009 ³
1622 2973 1794 3034 Tanta
1816 2985 1937 3034 erat
1963 2976 2307 3073 parsimonia

323 3057 615 3155 temporis.
681 3057 959 3135 Surgebat
994 3066 1211 3119 aestate
1237 3076 1272 3117 a
1300 3076 1437 3118 cena
1469 3058 1631 3136 luce,
1682 3058 1868 3117 hieme
1898 3059 2037 3118 intra
2065 3059 2304 3136 primam

319 3142 527 3218 noctis,
556 3141 619 3200 et
648 3148 917 3220 tamquam
945 3140 1130 3218 aliqua
1157 3142 1290 3218 lege
1322 3152 1583 3218 cogente.
1627 3141 1781 3201 Haec
1808 3143 1954 3200 inter
1970 3140 2191 3201 medios
2214 3140 2387 3203 lxi-35

242 3233 308 3285 14
325 3223 497 3285 bores
537 3223 808 3303 urbisque
849 3224 1142 3285 fremitum.
1219 3225 1283 3284 In
1325 3243 1561 3286 secessu
1597 3225 1782 3287 solum
1825 3225 2029 3285 balinei
2071 3234 2305 3304 tempus

325 3308 520 3368 studiis
560 3308 933 3369 eximebatur.
978 3326 1103 3367 cum
1133 3309 1260 3369 dico
1294 3307 1531 3386 balinei,
1575 3308 1646 3369 de
1672 3308 2031 3368 interioribus
2061 3307 2306 3392 loquor;

320 3409 447 3451 nam
476 3391 604 3453 dum
629 3392 992 3470 destringitur
1012 3394 1381 3469 tergiturque,
1410 3392 1671 3453 audiebat
1689 3392 1896 3470 aliquid
1916 3402 2009 3452 aut
2032 3387 2302 3460 dictabat.
