2467 3850
732 192 1248 254 EPISTULARUM
1276 192 1398 252 VII.
1439 204 1522 256 26.
1546 202 1630 255 27.
2059 193 2180 258 149

185 346 311 406 dior
340 345 772 424 pulchriorque:
825 347 1128 424 perterrito
1151 345 1398 406 Africam
1428 365 1526 420 se,
1568 345 1878 405 futurorum
1907 364 2178 425 praenun-
2204 346 2257 412 U

183 434 350 508 tiam,
397 429 559 499 dixit:
610 431 814 489 iturum
855 426 1001 489 enin‘l
1032 428 1264 489 Romam
1291 430 1650 508 honoresque
1678 439 1967 506 gesturum
1996 431 2177 509 adque

22 526 33 555 ⁵
184 518 353 575 etiam
397 532 523 574 cum
562 531 776 574 summo
818 515 1056 593 imperio
1094 512 1150 573 in
1179 515 1415 575 eandem
1444 516 1789 592 provinciam
1818 532 2173 575 reversurum

184 601 377 677 ibique
407 600 749 657 moriturum.
794 597 964 658 Facta
987 607 1114 657 sunt
1145 599 1345 658 omnia.
1391 597 1689 657 Praeterea
1720 598 2012 658 accedenti
2042 597 2173 660 Gar·
2191 614 2227 668 3

132 701 163 750 5
182 683 467 760 thaginem
497 682 926 760 egredientique
961 699 1104 742 nave
1134 682 1333 742 eadem
1369 681 1543 758 figura
1573 685 1629 740 in
1656 679 1820 741 litore
1854 685 2174 744 occurrisse

181 776 451 826 narratur.
515 764 650 844 Ipse
685 775 841 825 certe
874 766 1160 844 inplicitus
1202 766 1402 826 morbo
1423 811 1439 842 ,
1495 766 1676 826 futura
1704 769 2047 843 praeteritis,
2077 768 2172 827 ad-

179 869 350 911 versa
390 849 653 909 secundis
695 860 1032 927 auguratus,
1075 868 1239 929 spem
1280 849 1476 910 salutis
1518 849 1933 910 nullovsuorum
1966 850 2171 929 despe-

178 945 342 995 rante
387 935 644 1012 proiecit.
711 931 824 992 Iam
866 932 1005 993 illud
1038 952 1224 993 nonne
1268 944 1325 993 et
1353 937 1529 1011 magis
1561 934 1812 993 terribile
1846 944 1903 994 et
1931 952 2043 994 non
2069 936 2221 1000 mi·4

178 1037 286 1079 nus
316 1020 513 1076 mirum
541 1026 664 1094 est,
710 1016 859 1096 quod
902 1035 1179 1096 exponam
1226 1027 1285 1077 ut
1313 1015 1554 1096 accepi?
1604 1016 1739 1076 Erat
1767 1016 2000 1078 Athenis
2035 1032 2215 1098 spa-5

99 1112 165 1163 10
180 1105 327 1162 tiosa
361 1112 420 1161 et
453 1119 629 1179 capax
658 1101 891 1181 domus,
924 1101 1027 1161 sed
1057 1102 1278 1162 infamis
1308 1111 1365 1162 et
1393 1101 1689 1180 pestilens.
1754 1100 1862 1161 Per
1888 1101 2169 1163 silentium
2251 1096 2318 1196 λθ

177 1188 366 1246 noctis
394 1203 566 1245 sonus
589 1186 745 1262 ferri,
773 1185 831 1245 e]
865 1188 913 1245 si
935 1185 1258 1247 attenderes
1282 1189 1486 1261 acrius,
1521 1188 1793 1264 strepitus
1815 1185 2167 1246 vinculorum

177 1271 407 1347 longius
438 1271 649 1348 prime,
698 1268 901 1329 deinde
938 1288 971 1329 e
1003 1272 1263 1348 proximo
1295 1269 1663 1330 reddebatur:
1703 1287 1835 1329 mox
1863 1271 2165 1348 apparebat

176 1353 406 1429 idolon,
454 1372 633 1414 senex
674 1355 853 1412 macie
893 1363 951 1414 et
985 1354 1249 1432 squalore
1281 1353 1611 1430 confectus,
1655 1356 1931 1431 promissa
1971 1354 2162 1431 barba,

179 1438 433 1498 horrenti
477 1437 710 1516 capillo:
762 1439 1019 1497 cruribus
1065 1437 1405 1516 compedes,
1451 1438 1703 1497 manibus
1743 1448 1969 1498 catenas
1997 1455 2163 1515 gere-

97 1537 160 1588 15
179 1522 274 1583 bat
305 1521 721 1599 quatiebatque.
789 1520 925 1581 Inde
961 1521 1390 1582 inhabitantibus
1431 1525 1623 1582 tristes
1659 1522 1924 1599 diraeque
1965 1531 2214 1585 noctes6

175 1624 286 1684 per
325 1615 531 1664 metum
560 1605 960 1682 vigilabantur:
1011 1606 1258 1683 vigiliam
1296 1606 1525 1665 morbus
1557 1615 1615 1665 et
1646 1615 1943 1664 crescente
1972 1605 2160 1664 formi-

177 1690 306 1749 dine
341 1706 492 1750 mors
522 1690 881 1767 sequebatur.
943 1688 1084 1747 Nam
1112 1689 1350 1749 interdiu
1376 1706 1637 1768 quoque,
1674 1706 2001 1767 quamquam
2032 1690 2158 1749 abs-

176 1783 434 1833 cesserat
474 1775 693 1851 image,
737 1774 1003 1831 memoria
1046 1775 1301 1850 imaginis
1335 1772 1517 1832 oculis
1560 1772 1870 1848 inerrabat,
1910 1771 2157 1849 longior·
2276 1755 2440 1901 ff

177 1874 288 1935 que
324 1859 509 1916 causis
530 1859 745 1917 timoris
778 1859 942 1916 timor
964 1866 1101 1916 erat.
1160 1857 1400 1916 Deserta
1432 1856 1561 1915 inde
1592 1864 1648 1914 et
1677 1856 1928 1915 damnata
1963 1856 2155 1915 solitu·

21 1971 27 2028 ³.
91 1941 304 2005 20dine
332 1942 528 2002 domus
557 1951 786 2019 totaque
816 1941 897 1999 illi
927 1951 1140 2001 monstr
1179 1940 1431 2010 .relicta;
1464 1941 1922 2020 proscribebatur
1948 1887 2255 2015 tamensss(

22 2053 23 2098 l
174 2044 279 2085 seu
308 2029 433 2103 quis
464 2045 688 2103 emere,
728 2045 832 2086 seu
865 2028 988 2104 quis
1020 1960 1342 2086 congmffie
1378 2028 1603 2103 ignarus
1636 2026 1769 2084 tanti
1800 2024 1929 2083 mali
1958 2023 2155 2083 vellet.

170 2108 342 2169 Venit
367 2110 617 2170 Athenas
648 2110 1022 2189 philosophus
1056 2109 1455 2170 Athenodorus
1474 2157 1491 2188 ,
1535 2108 1675 2187 legit
1704 2106 1953 2185 titulum,
2002 2107 2202 2171 audi-7

172 2203 348 2272 toque
370 2197 576 2273 preti0,
613 2197 742 2272 quia
772 2204 1041 2273 suspecta
1071 2195 1258 2254 vilitas
1276 2240 1292 2271 ,
1317 2202 1716 2273 percunctatus
1733 2240 1750 2271 ,
1778 2194 1960 2253 omnia
1983 2190 2155 2252 doce-

171 2287 265 2348 tur
293 2294 360 2336 ac
389 2278 560 2338 nihilo
591 2282 802 2355 minus,
856 2280 1023 2337 immo
1063 2288 1215 2339 tanto
1257 2282 1435 2354 magis
1479 2277 1755 2338 conducit.
1823 2276 1930 2337 Ubi
1961 2277 2154 2354 coepit
2229 2331 2234 2340 ,
2301 2244 2408 2309 &a

90 2363 155 2416 25
173 2360 691 2440 advesperascere,
744 2363 901 2423 iubet
931 2366 1103 2446 Qi
1134 2364 1242 2422 sibi
1286 2368 1460 2441 prima
1501 2362 1699 2423 domus
1737 2369 1927 2440 parte,
1966 2363 2154 2440 poscit

47 2517 63 2532 .
170 2444 481 2523 pugillares
542 2447 730 2507 stilum
782 2446 1001 2506 lumen:
1057 2466 1192 2507 suos
1252 2465 1445 2507 omnes
1498 2449 1555 2506 in
1605 2449 1870 2506 interiora
1911 2445 2152 2519 dimittit,

21 2567 26 2616 l
170 2531 297 2606 ipse
347 2530 417 2588 ad
461 2530 820 2590 scribendum
861 2534 1096 2590 animum
1141 2529 1340 2591 oculos
1383 2548 1601 2589 manum
1634 2530 1899 2605 intendit,
1943 2547 2015 2588 ne
2051 2547 2154 2587 ,va-

161 2630 276 2675 ⁴cua
295 2631 453 2672 mens
478 2614 660 2673 audita
690 2612 982 2674 simulacra
1004 2625 1070 2676 et
1097 2616 1289 2674 inanes
1320 2615 1425 2672 sibi
1458 2623 1638 2673 metus
1665 2615 1918 2689 fingeret.
1964 2612 2150 2687 Initio,
2169 2617 2204 2669 8

171 2696 336 2775 quale
361 2696 607 2774 ubique,
654 2697 933 2756 silentium
960 2701 1178 2773 noctiS,
1221 2696 1351 2756 dein
1382 2699 1605 2756 concuti
1638 2695 1876 2770 ferrum,
1928 2693 2153 2753 vincula

89 2788 154 2842 30
170 2781 417 2839 moveri:
442 2779 538 2837 ille
567 2798 677 2838 non
709 2779 913 2838 tollere
941 2780 1162 2856 oculos,
1191 2797 1303 2838 non
1326 2782 1609 2839 remittere
1635 2779 1839 2854 stilum,
1878 2776 1981 2836 sed
2003 2776 2152 2836 offir-

165 2881 318 2923 mare
361 2863 594 2920 animum
634 2864 970 2940 auribusque
1013 2863 1415 2941 praetendere:
1467 2872 1581 2922 tum
1635 2861 2005 2920 crebrescere
2046 2860 2151 2920 fra-

22 2975 23 3038 *
165 2965 304 3025 gor,
336 2943 658 3022 adventare,
693 2955 749 3005 et
775 2948 881 3004 iam
909 2955 968 3004 ut
996 2950 1051 3005 in
1080 2947 1302 3023 limine,
1350 2949 1456 3005 iam
1490 2955 1549 3004 ut
1585 2948 1721 3004 intra
1749 2945 1916 3003 limen
1946 2945 2149 3004 audiri:

165 3032 433 3110 respicit,
479 3029 634 3089 videt
674 3031 1042 3107 agnoscitque
1083 3040 1353 3089 narratam
1384 3031 1487 3089 sibi
1518 3030 1785 3105 effigiem.
1848 3028 2040 3090 Stabat
2069 3031 2147 3088 iu·
2168 3039 2200 3092 9

166 3116 488 3193 nuebatque
534 3114 742 3192 digito,
795 3113 993 3174 similis
1034 3116 1289 3173 vocanti:
1342 3113 1435 3172 hic
1466 3122 1656 3172 contra
1696 3122 1756 3172 ut
1785 3112 2009 3191 paulum
2053 3131 2148 3172 ex-

22 3195 23 3266 }
85 3205 147 3259 35
167 3208 455 3278 spectaret
484 3216 645 3258 manu
677 3197 954 3276 significat
982 3215 1290 3275 rursusque
1323 3199 1468 3256 ceris
1493 3207 1551 3257 et
1582 3197 1712 3257 stilo
1735 3196 2025 3256 incumbit:
2056 3196 2151 3257 illa

22 3281 23 3284 ’
165 3284 468 3343 scribentis
506 3284 674 3362 capiti
718 3284 927 3342 catenis
959 3281 1277 3342 insonabat:
1319 3283 1552 3360 respicit
1591 3300 1783 3341 rursus
1817 3281 1964 3340 idem
1996 3280 2148 3360 quod

162 3368 320 3445 prius
343 3369 685 3443 innuentem,
709 3384 825 3426 -nec
847 3375 1092 3428 moratus
1115 3364 1262 3426 tollit
1290 3364 1476 3425 lumen
1507 3375 1563 3425 et
1592 3368 1865 3444 sequitur.
1910 3364 2031 3424 Ibat
2053 3363 2149 3421 illa
2164 3374 2231 3424 10

163 3450 319 3512 lento
351 3450 546 3528 gradu,
583 3452 742 3530 quasi
771 3452 959 3529 gravis
986 3450 1257 3512 vinculis:
1306 3459 1604 3530 postquam
1634 3449 1863 3511 deflexit
1887 3451 1941 3507 in
1964 3464 2146 3507 aream

22 3649 25 3742 l
