2467 3850
572 188 1091 252 EPISTULARUM
1120 190 1215 251 Vl.
1261 198 1348 253 23.
1371 200 1456 253 24.
1482 196 1567 252 25.
1591 200 1678 253 26.
2018 188 2138 252 125

155 363 229 404 ex
266 343 478 403 diutino
517 343 715 403 morbo
754 345 906 403 circa
947 341 1184 403 velanda
1225 344 1482 422 corporis
1524 341 1808 402 ulceribus
1838 349 2137 419 putresce-

155 429 275 490 bat:
308 445 456 487 uxor
483 438 542 488 ut
571 428 878 505 inspiceret
910 430 1130 504 exegit;
1161 446 1348 505 neque
1381 429 1527 487 enim
1556 443 1888 505 quemquam
1920 425 2138 485 fidelius

156 512 518 571 indicaturum
547 521 821 589 possetne
863 512 1059 569 sanari.
1103 510 1288 588 Vidit,
1321 511 1671 589 desperavit:
1714 510 1930 569 hortata
1961 518 2050 568 est
2080 517 2190 572 ut4

155 603 468 654 moreretur
516 612 824 675 comesque
866 597 989 672 ipsa
1027 598 1256 672 mortis,
1300 595 1413 655 dux
1453 597 1616 654 immo
1646 602 1705 653 et
1734 591 2050 671 exemplum
2082 601 2140 651 et

110 681 472 744 5necessitas
504 679 623 739 fuit.
671 678 810 738 Nam
835 696 899 738 se
925 695 1049 737 cum
1071 681 1266 739 marito
1287 679 1482 756 ligavit
1511 678 1831 756 abiecitque
1859 678 1915 735 in
1940 675 2135 735 lacum.

158 762 322 836 Quod
354 764 561 822 factum
594 782 666 822 ne
694 762 825 821 mihi
854 761 1111 840 quidem,
1147 764 1242 840 qui
1271 764 1563 841 municeps
1584 808 1601 838 ,
1632 762 1739 820 nisi
1770 762 2024 839 proxime
2047 770 2189 822 au-5

158 847 328 908 ditum
372 855 492 922 est,
535 863 649 905 non
682 849 807 925 quia
849 848 1028 907 minus
1068 843 1168 905 illo
1205 845 1517 908 clarissimo
1560 846 1761 905 Arriae
1805 842 1992 920 facto,
2035 841 2138 903 sed

158 932 285 1009 quia
309 933 489 990 minor
516 933 658 1009 ipsa.
721 930 879 991 Vale.

82 1108 145 1159 10
1065 1064 1241 1126 XXV.

697 1163 751 1217 c.
791 1165 1038 1216 PLles
1075 1164 1352 1217 HISPANO
1389 1162 1510 1215 sno
1547 1162 1601 1216 S.

284 1266 498 1325 Scribis
542 1266 887 1345 Robustum,
943 1267 1294 1348 splendidum
1335 1268 1585 1346 equitem
1624 1265 1961 1341 Romanum,
2015 1283 2139 1325 cum
2164 1281 2191 1332 1

156 1349 328 1409 Atilio
359 1350 594 1427 Scauro,
626 1354 804 1412 amieo
838 1371 987 1427 meo,
1023 1351 1346 1412 Ocriculum
1373 1369 1556 1429 usque
1574 1367 1867 1410 commune
1884 1352 1991 1409 iter
2012 1367 2141 1427 per-

161 1436 389 1511 egisse,
434 1433 636 1496 deinde
663 1453 934 1513 nusquam
966 1438 1380 1515 comparuisse:
1413 1437 1563 1514 petis
1594 1444 1652 1495 ut
1685 1434 1930 1494 Scaurus
1958 1435 2143 1494 veniat

86 1529 144 1579 15
159 1535 401 1596 nosque,
432 1521 482 1577 si
511 1528 733 1596 potest,
767 1521 821 1578 in
850 1520 1032 1598 aliqua
1063 1520 1433 1598 inquisitionis
1463 1520 1702 1596 vestigia
1731 1518 1972 1578 inducat.
2029 1517 2192 1583 Ve·2

158 1604 301 1669 niet;
346 1620 552 1663 vereor
593 1622 664 1662 ne
709 1604 930 1663 frustra.
987 1604 1266 1682 Suspicor
1307 1605 1452 1662 enim
1491 1602 1603 1662 tale
1641 1604 1838 1662 nescio
1868 1600 2000 1679 quid
2030 1601 2141 1661 Ro-

158 1686 326 1746 busto
356 1687 634 1747 accidisse
676 1687 840 1765 quale
882 1687 1177 1767 aliquando
1190 1686 1408 1748 Metilio
1439 1685 1664 1763 Crispe,
1697 1688 1960 1763 municipi
1993 1703 2139 1745 mee.

157 1768 302 1829 Huic
332 1786 445 1848 ego
474 1769 725 1830 ordinem
753 1774 1158 1850 inpetraveram
1186 1771 1370 1849 adque
1401 1773 1568 1830 etiam
1600 1770 1981 1848 proficiscenti
2010 1787 2142 1846 qua·
2161 1784 2196 1836 3

160 1854 412 1932 draginta
444 1854 592 1914 milia
629 1872 911 1915 nummum
952 1854 1021 1915 ad
1061 1854 1442 1915 instruendum
1481 1872 1545 1913 se
1588 1852 2002 1931 ornandumque
2044 1852 2143 1912 do-

82 1941 146 1994 20
162 1957 454 2017 naveram,
495 1956 603 2001 nec
644 1951 845 2019 postea
890 1948 983 2000 aut
1024 1938 1297 2020 epistulas
1330 1941 1451 2000 eius
1481 1947 1575 1997 aut
1604 1937 1845 2015 aliquem
1889 1938 1960 1997 de
1993 1939 2145 1995 exitu

158 2026 405 2082 nuntium
437 2026 653 2102 accepi.
716 2023 1149 2102 Interceptusne
1180 2027 1251 2084 sit
1280 2041 1312 2083 a
1341 2025 1458 2085 suis
1486 2041 1554 2082 an
1587 2040 1712 2082 cum
1743 2024 1860 2082 suis
1890 2020 2142 2080 dubium:
2161 2031 2198 2084 4

21 2158 22 2177 2
160 2118 319 2168 certe
349 2125 462 2167 non
491 2110 638 2185 ipse,
669 2126 782 2168 non
811 2111 1104 2187 quisquam
1132 2127 1206 2167 ex
1235 2110 1419 2169 servis
1448 2109 1571 2166 eius
1591 2108 1863 2186 apparuit.
1907 2104 1982 2165 Ut
2000 2124 2070 2164 ne
2090 2106 2143 2164 in

21 2196 22 2249 l
159 2190 418 2251 Robusto
446 2210 672 2271 quoque
691 2192 836 2253 idem
857 2191 1235 2272 experiamur!
1259 2190 1467 2251 Tamen
1484 2209 1839 2252 accersamus
1856 2190 2142 2250 Scaurum.

29 2274 42 2281 ”
159 2274 375 2336 Demus
404 2275 515 2336 hoc
545 2278 653 2336 tuis
671 2323 688 2353 ,
721 2275 915 2337 demus
943 2278 1136 2357 optimi
1166 2275 1548 2336 adulescentis
1578 2275 1986 2336 honestissimis
2016 2291 2146 2353 pre·
2166 2285 2197 2336 5

81 2366 143 2420 25
162 2360 347 2435 cibus,
381 2362 472 2438 qui
503 2362 711 2439 pietate
740 2364 909 2438 mira,
937 2365 1073 2422 mira
1104 2363 1269 2422 etiam
1303 2362 1645 2438 sagacitate,
1668 2368 1884 2439 patrem
1911 2360 2146 2437 quaerit.

158 2442 229 2502 Di
261 2443 503 2521 faveant,
537 2453 596 2504 ut
624 2448 709 2505 sic
738 2448 981 2506 inveniat
1008 2449 1222 2525 ipsum,
1256 2443 1718 2523 quemadmodum
1744 2446 1850 2505 iam
1881 2462 2007 2503 cum
2036 2459 2147 2520 quo

160 2526 365 2588 fuisset
393 2528 631 2589 invenit!
686 2529 846 2593 Vale.

25 2694 26 2699 ¹
1048 2660 1254 2722 XXVI.

25 2722 37 2803 s
81 2781 145 2834 30
687 2761 739 2812 c,
776 2762 1027 2813 PLINIUS
1060 2762 1381 2814 SEvaAno
1422 2761 1540 2812 suo
1572 2760 1623 2811 s,

285 2863 514 2924 Gaudeo
548 2875 605 2925 et
645 2864 898 2943 gratulor
936 2866 1087 2945 quod
1121 2866 1311 2926 Fusco
1352 2864 1646 2925 Salinatori
1678 2861 1844 2923 liliam
1872 2870 2018 2922 tuam
2051 2861 2148 2921 de·
2170 2874 2198 2924 l

160 2950 400 3009 stinasti.
437 2948 650 3009 Domus
676 2952 925 3028 patricia,
957 2961 1118 3029 pater
1138 2950 1586 3024 honestissimus,
1617 2955 1795 3007 mater
1814 2949 1932 3024 pari
1955 2945 2150 3014 laude;

160 3036 289 3112 ipse
322 3034 628 3112 studiosus,
661 3034 957 3111 litteratus,
991 3037 1157 3095 etiam
1183 3034 1448 3109 disertus,
1479 3050 1622 3111 puer
1643 3027 2022 3109 simplicitate,
2057 3048 2151 3089 co-

161 3119 354 3177 mitate
395 3122 650 3195 iuvenis,
695 3136 873 3179 senex
910 3121 1209 3195 gravitate:
1258 3134 1443 3195 neque
1477 3118 1618 3176 enim
1658 3131 1847 3174 amore
1878 3114 2151 3193 decipior.

29 3207 144 3260 35
162 3202 312 3260 Αιιιο
338 3201 563 3279 quidem
592 3202 774 3262 effuse
801 3204 905 3281 (ita
936 3203 1175 3278 ofliciiS,
1208 3204 1284 3261 ita
1316 3202 1635 3260 reverentia
1664 3199 1932 3276 meruit),
1965 3198 2204 3258 indicos
2171 3207 2203 3245 ⁶)

161 3296 382 3361 tamen,
428 3295 488 3347 et
524 3288 747 3365 quidem
775 3295 928 3347 tanto
957 3289 1141 3346 acrius
1175 3295 1381 3362 quanto
1410 3287 1586 3362 magis
1616 3300 1773 3362 amo,
1817 3284 2063 3361 tibique,
2095 3291 2154 3340 ut

161 3372 258 3447 qui
293 3331 740 3449 exploraverim,
774 3371 1031 3449 spondeo
1063 3369 1375 3430 habiturum
1404 3378 1464 3428 te
1494 3384 1765 3446 generum
1799 3385 1910 3445 quo
1951 3366 2151 3427 melior

161 3455 299 3532 tingi
330 3473 401 3513 ne
424 3463 560 3516 voto
591 3453 815 3532 quidem
843 3456 1038 3533 potuit.
1102 3454 1378 3533 Superest
1416 3462 1477 3513 ut
1515 3470 1677 3514 avum
1704 3462 1762 3511 te
1791 3468 1954 3529 quam
1981 3457 2151 3509 matu-
2170 3457 2203 3506 3
