2467 3850
660 163 1183 231 PANEGYRICUS
1224 179 1313 233 40.
1340 179 1425 234 41.
1450 180 1536 235 42.
1562 180 1649 235 43.
2026 171 2154 244 263

163 338 264 383 res
294 318 467 384 habet
492 319 783 399 frugalitas
810 323 1078 401 principis
1106 331 1167 383 ut
1201 331 1286 384 tot
1327 324 1638 404 inpendiis,
1689 331 1774 385 tot
1813 326 2148 403 erogationi-

169 404 277 466 bus
305 404 428 468 sola
453 404 734 467 sufficiat?
760 407 900 467 Nam
925 407 1057 486 quid
1081 417 1169 467 est
1194 425 1398 468 causae
1439 426 1540 467 cur
1572 406 1696 468 aliis
1734 410 1957 486 quidem
1973 455 1990 485 ,
2024 428 2149 469 cum

170 489 352 550 omnia
379 499 642 567 raperent
670 499 726 550 et
753 500 910 568 rapta
937 493 1277 567 retinerent,
1328 501 1387 551 ut
1415 494 1464 551 si
1492 491 1627 550 nihil
1653 494 2000 569 rapuissent,
2050 492 2148 552 de·

169 572 379 632 fuerint
410 576 626 650 omnia,
682 574 815 649 tibi,
867 593 994 633 cum
1027 583 1135 635 tam
1163 573 1332 634 multa
1358 573 1611 652 largiaris
1645 585 1703 635 et
1731 574 1866 635 nihil
1901 577 2145 653 auferas,

111 656 352 725 5omnia
392 654 717 734 supersint?
763 655 1073 736 Numquam
1114 659 1463 735 principibus
1506 658 1804 719 defuerunt
1833 663 1928 737 qui
1963 659 2147 721 fronte

166 741 314 799 tristi
340 749 400 799 et
425 742 585 815 gravi
606 740 912 819 supercilio
939 741 1262 802 utilitatibus
1286 742 1408 803 fisci
1433 745 1834 803 contumaciter
1863 743 2148 805 adessent.

164 822 242 882 Et
268 833 425 883 erant
448 825 736 902 principes
760 826 868 906 ipsi
895 843 994 884 sua
1019 834 1222 903 sponte
1250 825 1397 886 avidi
1417 835 1476 886 et
1497 844 1733 904 rapaces
1764 837 1821 890 et
1850 829 1945 905 qui
1974 829 2146 904 magi-

165 908 299 967 stris
328 923 440 965 non
469 917 733 983 egerent3
766 907 924 987 plura
951 918 1135 969 tamen
1150 926 1380 986 semper
1405 927 1438 969 a
1458 909 1621 969 nobis
1652 919 1845 970 contra
1871 930 1975 971 nos
2007 911 2144 971 didi·

167 999 385 1050 cerunt.
440 991 556 1050 Sed
583 990 652 1050 ad
678 1001 801 1053 tuas
830 1011 994 1053 aures
1027 1010 1153 1052 cum
1183 996 1392 1053 ceteris
1426 994 1681 1053 omnibus
1708 1004 1824 1054 tum
1853 995 1945 1053 vel
1974 996 2144 1063 maxi-

77 1085 150 1137 lo
164 1091 258 1132 me
297 1076 477 1134 avaris
519 1074 923 1136 adulationibus
966 1076 1288 1137 obstructus
1321 1085 1410 1137 est
1437 1075 1635 1136 aditus.
1709 1077 1888 1138 Silent
1916 1094 2054 1155 ergo
2086 1086 2146 1140 et

166 1158 500 1236 quiescunt,
554 1169 612 1219 et
645 1170 941 1238 postquam
980 1178 1092 1219 non
1120 1171 1208 1223 est
1250 1163 1339 1221 cui
1373 1158 1700 1236 suadeatur,
1754 1164 1847 1239 qui
1878 1161 2143 1222 suadeant

163 1257 277 1301 non
305 1251 451 1300 sunt.
497 1235 625 1314 Quo
660 1246 847 1304 evenit
875 1254 966 1319 ut,
1001 1261 1127 1303 cum
1147 1243 1440 1323 plurimum
1468 1245 1569 1305 tibi
1598 1261 1702 1322 pro
1730 1247 1872 1323 tuis,
1907 1243 2034 1324 plus
2064 1247 2144 1304 ta·

162 1343 294 1384 men
325 1342 428 1402 pro
459 1328 667 1386 nostris
693 1329 939 1387 moribus
969 1326 1292 1388 debeamus.

285 1406 728 1487 Locupletabant
767 1420 824 1470 et
867 1412 1065 1471 fiscum
1093 1421 1151 1471 et
1181 1413 1451 1474 aerarium
1478 1430 1596 1472 non
1624 1420 1736 1473 tam
1761 1411 2048 1473 Voconiae
2082 1420 2140 1473 et
2161 1411 2246 1476 42

77 1509 148 1563 15
162 1490 339 1551 Iuliae
368 1492 532 1571 leges
558 1512 720 1572 quam
748 1496 1047 1554 maiestatis
1070 1496 1353 1574 singulare
1376 1504 1433 1554 et
1464 1495 1682 1554 unicum
1712 1498 1920 1556 crimen
1951 1505 2144 1556 eorum

166 1577 263 1654 qui
293 1579 519 1636 crimine
544 1586 826 1640 vacarent.
869 1576 1044 1636 Huius
1075 1588 1135 1636 tu
1163 1587 1373 1637 metum
1405 1580 1631 1655 penitus
1665 1580 1973 1656 sustulisti,
2006 1597 2142 1639 con·

162 1670 351 1720 tentus
391 1660 801 1738 magnitudine,
856 1678 964 1738 qua
1005 1660 1142 1718 nul-li
1172 1663 1350 1736 magis
1380 1670 1676 1720 caruerunt
1717 1679 1879 1738 quam
1911 1660 2003 1740 qui
2034 1664 2142 1723 sibi

159 1745 508 1809 maiestatem
535 1744 904 1806 vindicabant.
956 1742 1193 1803 Reddita
1235 1753 1323 1803 est
1355 1744 1544 1803 amicis
1576 1744 1752 1819 fides,
1795 1745 1988 1805 liberis
2020 1748 2143 1824 pie-

161 1835 283 1902 tas,
327 1828 662 1905 obsequium
689 1828 902 1886 servis:
942 1835 1209 1886 verentur
1236 1836 1295 1887 et
1324 1836 1519 1904 parent
1547 1836 1603 1886 et
1633 1826 1886 1886 dominos
1917 1828 2138 1887 habent.

67 1909 290 1976 20Non
322 1913 467 1978 enim
496 1913 603 1971 iam
630 1912 781 1972 servi
807 1912 988 1994 „nostri
1017 1912 1287 1989 principis
1319 1911 1499 1988 amici,
1533 1909 1635 1971 sed
1657 1928 1761 1972 nos
1792 1930 2004 1987 sumus,
2033 1929 2143 1971 nec

158 2004 326 2074 pater
365 1997 575 2072 patriae
614 1995 814 2055 alienis
844 2014 908 2055 se
947 1997 1237 2073 mancipiis
1284 1997 1555 2055 cariorem
1587 2011 1749 2073 quam
1779 1996 1994 2054 civibus
2024 1996 2141 2054 suis

160 2077 360 2138 credit.
424 2077 633 2139 Omnes
672 2088 1002 2141 accusatore
1042 2078 1354 2138 domestico
1397 2077 1648 2138 liberasti
1686 2095 1912 2156 unoque
1947 2078 2141 2157 salutis

158 2160 424 2240 publicae
454 2164 617 2239 signo
647 2161 819 2238 illud,
866 2171 927 2221 ut
954 2164 1039 2223 sic
1069 2163 1336 2237 dixerim,
1369 2161 1577 2221 servile
1605 2162 1816 2222 bellum
1844 2161 2138 2222 sustulisti.

159 2244 225 2304 ln
255 2262 367 2322 quo
409 2264 520 2305 non
559 2248 738 2305 minus
772 2248 954 2306 servis
994 2264 1155 2323 quam
1187 2246 1419 2305 dominis
1459 2248 1810 2324 praestitisti:
1859 2246 1965 2306 hos
1993 2247 2139 2306 enim

67 2334 397 2393 25securos
416 2375 432 2406 ,
464 2330 592 2389 illos
624 2331 803 2389 bonos
836 2330 1046 2390 fecisti.
1099 2328 1225 2390 Non
1254 2332 1340 2390 vis
1370 2332 1583 2393 interea
1615 2330 1852 2398 laudari;
1881 2349 1988 2390 nec
2022 2328 2137 2389 for-

158 2422 312 2472 tasse
340 2412 607 2474 laudanda
635 2417 771 2474 sint:
814 2423 972 2491 grata
1002 2424 1130 2474 sunt
1159 2422 1343 2473 tamen
1376 2413 1799 2476 recordantibus
1828 2416 2140 2493 principem

157 2495 313 2557 illum
351 2498 407 2556 in
447 2500 629 2576 capita
661 2499 1009 2558 >dominorum
1049 2512 1250 2563 servos
1295 2499 1690 2558 subornantem
1715 2506 2137 2559 monstrantem·

160 2597 273 2657 que
305 2583 529 2641 crimina
558 2600 701 2659 quae
731 2591 1005 2660 tamquam
1033 2580 1215 2645 delata
1246 2585 1495 2661 puniret:
1534 2600 1790 2658 magnum
1818 2591 1876 2641 et
1903 2582 2136 2641 inevita-

155 2662 277 2724 bile
310 2682 376 2723 ac
408 2668 616 2727 totiens
652 2667 855 2742 cuique
896 2666 1296 2744 experiendum
1321 2666 1553 2740 malum,
1609 2665 1867 2742 quotiens
1896 2665 2135 2741 quisque

65 2758 142 2812 30
160 2746 375 2808 similes
414 2751 653 2826 principi
695 2766 893 2808 servos
935 2749 1185 2810 haberet.
1256 2748 1318 2808 In
1347 2748 1549 2808 eodem
1575 2766 1787 2824 genere
1818 2744 2133 2823 ponendum
2152 2740 2235 2803 43

156 2840 247 2891 est
287 2832 438 2908 quod
481 2840 811 2892 testamenta
845 2841 1034 2892 nostra
1071 2850 1277 2892 secura
1311 2840 1473 2906 sunt,
1528 2847 1637 2889 nec
1683 2848 1821 2888 unus
1869 2828 2131 2902 omnium,

153 2929 304 2974 nunc
332 2917 462 2992 quia
487 2918 759 2993 scriptus,
796 2934 942 2974 nunc
968 2917 1094 2994 quia
1126 2933 1237 2973 non
1264 2917 1532 2990 scriptuS,
1561 2913 1751 2972 heres.
1788 2910 1915 2970 Non
1944 2920 2002 2970 tu
2033 2908 2133 2968 fal-

155 3000 268 3074 sis,
324 3016 437 3057 non
464 3008 524 3058 tu
553 3000 754 3077 iniquis
781 2998 985 3079 tabulis
1015 2998 1327 3061 advocaris.
1395 2994 1615 3056 Nullius
1642 2996 1710 3055 ad
1740 3004 1798 3055 te
1827 2993 2135 3072 iracundia,

154 3081 363 3143 nullius
387 3084 669 3159 inpietas,
697 3081 904 3142 nullius
933 3083 1090 3141 furor
1120 3081 1399 3157 confugit3
1429 3097 1538 3138 nec
1562 3081 1689 3157 quia
1711 3077 1939 3138 offendit
1967 3077 2133 3160 alius,

64 3176 135 3229 35
154 3168 527 3244 nuncuparis,
578 3164 683 3225 sed
712 3167 837 3244 quia
880 3167 1003 3244 ipse
1033 3166 1300 3224 meruisti.
1373 3163 1651 3223 Scriberis
1684 3163 1753 3221 ab
1781 3163 2007 3239 amicis,
2061 3160 2130 3221 ab

155 3252 366 3326 ignotis
397 3251 753 3327 praeterii-is,
785 3249 1036 3325 nihilque
1066 3249 1211 3306 inter
1237 3247 1509 3325 privatum
1538 3255 1596 3306 et
1629 3247 1939 3323 principem
1960 3248 2130 3305 inter·

154 3341 281 3407 est,
331 3335 437 3392 nisi
472 3332 621 3410 quod
664 3351 812 3392 nunc
856 3350 887 3391 a
919 3330 1173 3408 pluribus
1216 3331 1443 3390 amaris:
1498 3347 1621 3388 nam
1649 3339 1708 3388 et
1740 3329 1930 3406 plures
1957 3345 2125 3389 amas.

153 3414 347 3493 Tene,
380 3413 622 3494 Caesar,
651 3416 799 3476 hunc
835 3430 1089 3492 cursum,
1128 3424 1184 3476 et
1212 3414 1538 3492 probabitur
1566 3414 1951 3490 experimento
1982 3412 2128 3471 sitne
