2467 3850
756 155 1285 220 PANEGYRIGUS
1321 167 1411 223 88.
1434 167 1523 223 89.
1540 169 1626 224 90.
2070 159 2196 224 295

203 310 428 371 Etenim
470 318 535 369 ut
573 311 792 371 nomine
825 311 1069 388 Augusti
1098 312 1460 373 admonemur
1497 314 1620 374 eius
1655 314 1745 374 cui
1783 313 2016 392 primum
2046 312 2194 373 dica·

205 404 321 455 tum
357 404 479 472 est,
520 396 597 455 ita
622 395 767 455 haec
794 398 987 475 optimi
1018 395 1329 476 appellatio
1362 415 1655 475 numquam
1682 398 1985 457 memoriae
2018 397 2194 456 homi·

204 496 335 539 num
363 480 483 539 sine
513 488 573 538 te
600 488 890 556 recurret,
933 483 1309 559 quotiensque
1349 482 1567 560 posteri
1595 483 1774 542 nostri
1803 483 2069 560 optimum
2097 480 2194 540 ali·

203 581 372 642 quem
410 580 618 623 vocare
662 574 971 641 cogentur,
1020 566 1230 626 totiens
1275 563 1723 626 recordabuntur
1762 567 1889 644 quis
1927 565 2195 626 meruerit

145 647 410 709 5vocari.

330 730 551 803 Quanto
595 749 775 809 nunc,
820 732 950 791 dive
989 732 1213 810 Nerva,
1259 732 1465 809 gaudio
1504 732 1746 811 frueris,
1792 750 1920 793 cum
1944 733 2107 793 vides
2137 741 2193 793 et
2212 744 2295 808 89

204 831 340 874 esse
371 818 639 893 optimum
670 826 728 876 et
762 814 871 875 dici
903 833 1070 894 quem
1100 826 1376 895 tamquam
1417 818 1685 894 optimum
1719 815 1976 893 elegisti!
2029 834 2193 895 quam

205 898 414 959 lactum
455 900 553 959 tibi
601 899 752 977 quod
790 910 1149 978 comparatus
1192 901 1309 960 filio
1347 911 1445 961 tuo
1475 900 1751 962 vinceris!
1810 899 2015 980 Neque
2044 902 2194 961 enim

202 981 314 1042 alio
343 985 519 1058 magis
551 983 892 1061 adprobatur
918 986 1084 1043 animi
1113 986 1192 1044 tui
1227 983 1550 1062 magnitudo
1574 1002 1737 1063 quam
1769 985 1920 1064 quod
1949 985 2194 1062 optimus

115 1068 333 1144 loipse
364 1085 476 1126 non
503 1069 731 1128 timuisti
761 1067 979 1145 eligere
1011 1067 1320 1130 meliorem.
1377 1068 1493 1128 Sed
1522 1078 1580 1128 et
1607 1078 1699 1145 tu,
1741 1077 1905 1148 pater
1935 1068 2190 1143 Traiane,

204 1152 361 1229 (nam
402 1160 460 1210 tu
506 1169 766 1229 quoque,
816 1154 864 1213 si
905 1172 1016 1213 non
1062 1152 1280 1228 sidera,
1334 1152 1641 1230 proximam
1680 1161 1864 1212 tamen
1909 1151 2191 1214 sideribus

204 1234 429 1294 obtines
470 1235 696 1314 sedem)
740 1245 996 1314 quantam
1036 1239 1289 1315 percipis
1331 1235 1708 1315 voluptatem,
1763 1253 1888 1295 cum
1916 1235 2071 1295 illum
2095 1236 2191 1296 tri·

202 1318 443 1396 bunum,
478 1320 636 1379 illum
656 1319 885 1380 militem
906 1332 1090 1398 tuum,
1124 1330 1333 1380 tantum
1357 1323 1751 1399 imperatorem
1766 1365 1785 1397 ,
1809 1328 2018 1380 tantum
2041 1321 2191 1397 prin·

204 1404 393 1480 cipem
436 1405 654 1481 cernis,
699 1421 939 1482 cumque
979 1421 1052 1464 eo
1092 1407 1186 1481 qui
1214 1404 1501 1482 adoptavit
1530 1406 1866 1465 amicissime
1896 1402 2192 1463 contendis

113 1496 186 1549 15
206 1486 498 1565 pulchrius
536 1487 705 1546 fuerit
740 1490 1008 1564 genuisse
1062 1487 1229 1547 talem
1269 1505 1339 1547 an
1379 1487 1660 1564 elegisse!
1722 1487 1911 1548 Macte
1954 1497 2193 1565 uterque

199 1572 417 1648 ingenti
447 1573 502 1630 in
531 1590 651 1630 rem
683 1571 965 1648 publicam
992 1572 1224 1645 merito,
1270 1573 1359 1629 cui
1389 1571 1503 1630 hoc
1541 1580 1751 1632 tantum
1786 1572 1921 1632 boni
1955 1570 2192 1631 contuli·

201 1653 334 1715 stis!
377 1654 535 1714 Licet
563 1655 724 1714 alteri
752 1665 1003 1715 vestrum
1032 1652 1130 1714 filii
1163 1655 1340 1714 virtus
1369 1655 1755 1732 triumphalia,
1781 1655 2000 1714 caelum
2028 1655 2192 1715 alteri

201 1737 456 1812 dederit,
501 1757 613 1798 non
653 1740 834 1798 minor
869 1748 1055 1798 tamen
1093 1746 1287 1798 vestra
1322 1738 1479 1815 laus,
1533 1737 1687 1816 quod
1729 1739 1837 1797 ista
1876 1755 1982 1816 per
2022 1737 2192 1797 filium

203 1838 367 1900 quam
390 1825 437 1881 si
465 1823 575 1901 ipsi
598 1823 967 1882 meruissetis.

106 1915 186 1969 20
330 1906 499 1983 Scio,
531 1916 722 1986 patres
754 1906 1093 1984 conscripti,
1128 1922 1255 1965 cum
1290 1913 1518 1966 ceteros
1551 1906 1706 1965 cives
1733 1913 1851 1964 tum
1882 1904 2191 1986 praecipue
2210 1899 2295 1964 90

202 1989 473 2050 consules
515 2000 781 2068 oportere
817 1991 902 2049 sic
942 1990 1106 2050 adlici
1143 2000 1206 2049 ut
1245 2008 1311 2050 se
1341 1989 1575 2067 publice
1604 1991 1784 2065 magis
1816 2003 1980 2066 quam
2008 1992 2191 2066 priva·

197 2076 301 2134 tim
330 2073 609 2149 obligatos
640 2083 854 2151 putent.
908 2073 980 2133 Ut
1004 2075 1153 2132 enim
1179 2073 1358 2133 malos
1385 2074 1674 2152 principes
1701 2074 1915 2132 rectius
1947 2072 2192 2147 pulchri-

199 2175 384 2234 usque
415 2166 505 2216 est
548 2176 623 2216 ex
664 2158 1048 2217 communibus
1089 2159 1303 2216 iniuriis
1344 2157 1536 2217 odisse
1577 2174 1741 2235 quam
1783 2156 2061 2234 propriis,
2115 2156 2193 2216 ita

199 2242 336 2302 boni
366 2242 686 2318 speciosius
709 2250 957 2300 amantur
986 2242 1059 2301 ob
1088 2259 1157 2300 ea
1187 2257 1330 2319 quae
1357 2242 1558 2317 generi
1581 2241 1820 2300 humano
1849 2256 2013 2318 quam
2045 2257 2192 2318 quae

107 2336 182 2388 25
199 2324 515 2384 hominibus
556 2335 862 2403 praestant.
928 2325 1071 2398 Quia
1112 2335 1296 2386 tamen
1324 2327 1381 2384 in
1421 2324 1887 2385 consuetudinem
1923 2326 2091 2384 vertit
2133 2332 2195 2385 ut

201 2409 503 2486 consulet-1,
544 2409 769 2487 publica
807 2412 1105 2486 gratiarum
1142 2412 1367 2469 actione
1408 2408 1659 2487 perlata,
1698 2425 1807 2469 suo
1839 2426 2068 2487 quoque
2091 2423 2191 2468 no·

196 2496 346 2553 mine
381 2501 640 2571 quantum
670 2493 911 2553 debeant
936 2495 1178 2572 principi
1209 2494 1606 2572 profiteantur,
1640 2491 1937 2552 concedite
1968 2509 2056 2552 me
2079 2510 2194 2551 non

199 2592 305 2656 pro
347 2596 434 2636 me
474 2578 652 2654 magis
694 2595 926 2636 munere
970 2579 1081 2638 isto
1124 2596 1288 2656 quam
1330 2595 1433 2655 pro
1479 2576 1708 2653 collega
1754 2593 1885 2636 meo
1939 2574 2191 2635 Cornuto

202 2659 490 2737 Tertu110,
535 2660 841 2720 clarissimo
881 2663 1036 2738 viro,
1092 2661 1269 2739 fungi.
1324 2660 1439 2721 Cur
1466 2663 1612 2721 enim
1638 2678 1751 2720 non
1784 2677 1890 2738 pro
1918 2658 2018 2717 illo
2051 2676 2190 2737 quo·

109 2755 185 2808 30
206 2762 319 2822 que
348 2748 554 2822 gratias
580 2762 772 2821 agam,
803 2762 908 2822 pro
938 2761 1051 2822 quo
1081 2762 1193 2803 non
1219 2747 1402 2804 minus
1428 2740 1659 2804 debeo?
1701 2744 2033 2822 praesertim
2065 2760 2193 2801 cum

200 2828 713 2905 indulgentissimus
749 2829 1052 2906 imperator
1088 2830 1146 2887 in
1186 2828 1488 2888 concordia
1527 2836 1718 2887 nostra
1748 2845 1817 2887 ea
1846 2827 2195 2904 praestiterit

199 2913 474 2973 ambobus
495 2931 656 2990 „quae
694 2914 743 2973 si
774 2921 982 2972 tantum
1011 2914 1065 2971 in
1094 2910 1330 2972 alterum
1359 2913 1727 2988 contulisset,
1773 2911 1968 2970 ambos
2005 2918 2191 2971 tamen

202 2996 511 3074 aequaliter
551 2996 882 3073 obligasset.
937 2996 1246 3072 Utrumque
1276 3005 1527 3054 nostrum
1555 2995 1653 3055 ille
1687 2995 1879 3074 optimi
1916 2994 2191 3072 cuiusque

200 3081 472 3159 spoliator
503 3090 560 3140 et
592 3080 845 3140 carnifex
875 3080 1155 3155 stragibus
1191 3080 1494 3137 amicorum
1524 3088 1582 3138 et
1612 3081 1668 3138 in
1702 3080 2013 3157 proximum
2042 3079 2192 3137 iacto

111 3175 183 3228 35
202 3165 433 3224 fulmine
463 3164 780 3224 adflaverat.
853 3161 1041 3222 Isdem
1084 3163 1231 3221 enim
1265 3163 1457 3221 amicis
1499 3162 1910 3239 gloriabamur,
1959 3162 2194 3223 eosdem

199 3251 439 3309 amissos
470 3247 833 3325 lugebamus,
876 3264 943 3306 ac
974 3248 1120 3306 sicut
1149 3266 1311 3305 nunc
1346 3262 1484 3324 spes
1517 3246 1928 3324 gaudiumque,
1961 3247 2036 3305 ita
2061 3255 2197 3304 tunc

203 3333 514 3391 communis
545 3331 707 3390 nobis
738 3330 901 3390 dolor
925 3339 983 3389 et
1012 3340 1193 3390 metus
1225 3338 1363 3389 erat.
1429 3328 1710 3389 Habuerat
1737 3330 1888 3417 hunc
1921 3327 2195 3388 honorem

199 3415 470 3495 periculis
514 3416 721 3475 nostris
762 3414 923 3474 divus
972 3412 1162 3474 Nerva
1202 3424 1268 3474 ut
1305 3431 1445 3491 noS,
1499 3414 1606 3472 etsi
1649 3415 1831 3475 minus
1881 3423 1941 3473 ut
1986 3412 2190 3489 bonos,
