2467 3850
166 1555 249 1619 63

281 147 401 209 278
981 160 990 168 ·
1116 145 1181 208 G.
1224 143 1410 210 rum

279 298 546 359 absentes
573 300 629 358 in
661 298 903 360 consilio
933 299 1122 360 habet.
1168 298 1360 360 Tertio
1391 298 1653 360 consules
1677 298 1818 359 fecit
1840 314 1983 379 qnos
2010 315 2115 360 vos
2138 299 2253 360 ele·

278 384 518 459 geratis,
563 392 621 442 et
648 382 788 444 fecit
817 384 928 443 boc
958 382 1150 444 ordine
1181 401 1295 462 qno
1326 382 1496 443 electi
1526 401 1558 443 a
1597 382 1762 444 vobis
1791 390 1965 443 erant.
2020 382 2253 460 Magnus

280 467 470 544 utique
499 466 680 526 bonor
703 477 931 545 vester,
964 469 1086 527 sive
1115 468 1348 527 eosdem
1373 468 1605 526 maxime
1630 466 1809 544 diligit
1842 483 1987 546 quos
2017 469 2128 527 scit
2155 484 2253 525 vo·

278 549 364 610 bis
405 568 538 610 esse
579 553 929 628 carissimos,
961 552 1082 612 sive
1110 550 1222 610 illis
1251 552 1527 614 neminem
1555 545 1834 629 praefert,
1879 551 2126 628 quamvis
2155 549 2253 630 ⁸¹5ss

277 650 443 712 quem
473 636 652 710 magis
674 644 849 694 amet:
901 637 1190 712 proposita
1214 644 1340 694 sunt
1371 635 1685 694 senioribus
1715 634 1996 712 praemia,
2038 635 2303 695 iuveni-5

277 718 380 776 bus
410 717 695 795 exempla:
739 717 964 795 adeant,
1009 718 1367 797 frequentent
1395 735 1625 777 securas
1653 717 1872 777 tandem
1897 735 1965 775 ac
1995 725 2253 794 patentes
2464 685 2467 856 4

275 800 504 862 domos:
556 802 809 881 quisquis
837 802 1105 880 probatos
1138 803 1353 861 senatui
1384 803 1538 860 viros
1572 801 1842 878 suspicit,
1894 800 1987 860 hic
2013 802 2253 860 maxime

274 886 585 962 principem
607 894 976 963 promeretur.
1019 886 1137 945 Sibi
1160 888 1308 945 enim
1333 884 1672 944 adcrescere
1696 893 1853 961 putat
1873 884 2023 963 quod
2048 885 2251 960 cuique

273 966 615 1044 adstruatur,
646 968 965 1047 nullamque
989 970 1046 1028 in
1070 986 1142 1029 eo
1165 968 1398 1045 gloriam
1421 970 1579 1046 ponit
1602 967 1752 1045 qnod
1774 969 1845 1026 sit
1864 968 2117 1026 omnibus
2139 985 2252 1026 ma-

272 1052 391 1126 ior,
421 1052 525 1110 nisi
557 1054 778 1111 maximi
804 1052 1010 1113 fuerint
1040 1053 1242 1131 quibus
1270 1053 1444 1110 maior
1472 1059 1581 1111 est.
1642 1050 1867 1127 Persta,
1910 1049 2152 1126 Caesar,
2195 1052 2254 1109 in
2270 1062 2349 1113 lo

272 1136 380 1193 ista
408 1136 621 1195 ratione
652 1138 953 1214 propositi,
988 1135 1244 1213 talesque
1266 1153 1370 1194 nos
1404 1132 1574 1193 crede
1603 1132 1781 1212 qualis
1812 1133 1956 1194 fama
1977 1125 2251 1211 cuiusque

272 1225 379 1277 est.
409 1217 551 1277 Huic
576 1237 762 1296 aures,
787 1220 916 1279 huic
940 1219 1138 1279 oculos
1160 1218 1412 1278 intende:
1434 1237 1507 1277 ne
1531 1219 1855 1294 respexeris
1876 1215 2252 1276 clandestinas

272 1302 705 1361 existimationes
745 1302 1026 1380 nullisque
1050 1304 1227 1380 magis
1254 1318 1414 1380 quam
1434 1301 1782 1360 audientibus
1805 1300 2128 1360 insidiantes
2154 1318 2248 1359 su-

271 1400 483 1444 surros.
500 1383 704 1443 Melius
721 1386 973 1445 omnibus
991 1401 1153 1463 quam
1164 1384 1399 1463 singulis
1417 1384 1679 1443 creditur.
1702 1383 1920 1460 Singuli
1935 1385 2081 1443 enim
2091 1381 2247 1442 deci-

270 1484 409 1544 pere
428 1477 484 1526 et
501 1467 686 1545 decipi
701 1479 936 1545 possunt
953 1490 965 1528 :
980 1485 1145 1528 nemo
1165 1487 1379 1543 omneS,
1398 1469 1669 1527 neminem
1687 1484 1879 1528 omnes
1894 1465 2242 1527 fefellerunt.
2268 1478 2359 1529 15>

397 1549 677 1610 Revertor
714 1554 822 1611 iam
858 1553 927 1613 ad
961 1551 1306 1612 consulatum
1344 1560 1526 1628 tuum,
1580 1553 1690 1611 etsi
1721 1560 1845 1611 sunt
1879 1549 2147 1629 quaedam
2175 1551 2250 1609 ad

272 1632 620 1693 consulatum
653 1635 874 1713 quidem
895 1638 1228 1714 pertinentia
1244 1681 1261 1711 ,
1297 1643 1422 1694 ante
1442 1633 1789 1694 consulatum
1810 1644 2021 1703 tamem
2051 1634 2108 1692 in
2130 1635 2247 1711 pri-

268 1718 372 1774 mis
417 1717 566 1795 quod
622 1721 859 1780 comitiIs
899 1721 1014 1779 tuis
1054 1719 1352 1778 interfuisti
1394 1716 1714 1792 candidatus
1756 1735 1868 1777 non
1913 1715 2243 1777 consulatus

266 1809 474 1860 tantum
504 1800 608 1860 sed
634 1801 1033 1862 inmortalitatis
1064 1810 1123 1860 et
1150 1802 1366 1879 gloriae
1397 1811 1454 1860 et
1483 1801 1727 1879 exempli
1757 1801 1907 1880 quod
1936 1818 2246 1878 sequeren-

265 1891 355 1943 tur
385 1886 670 1964 principes
699 1886 862 1962 boni,
895 1885 1023 1945 mali
1045 1887 1387 1945 mirarentur.
1430 1883 1580 1944 Vidit
1614 1893 1669 1945 te
1691 1883 1935 1964 populus
1958 1884 2345 1951 Romanuszo

264 1968 320 2029 in
351 1967 445 2027 illa
475 1978 671 2028 vetere
706 1972 1004 2049 potestatis
1039 1987 1174 2028 suae
1206 1969 1376 2030 sede:
1407 1985 1718 2047 perpessus
1754 1987 1818 2028 es
1844 1969 2072 2045 longum
2101 1967 2249 2028 illud

267 2069 489 2111 carmen
519 2055 865 2113 comitiorum
891 2072 999 2113 nec
1027 2056 1133 2112 iam
1161 2052 1502 2112 inridendam
1527 2069 1767 2128 moram,
1813 2052 2124 2129 consulque
2153 2054 2247 2112 sic

263 2133 446 2193 factus
472 2153 536 2194 es
565 2144 625 2194 ut
655 2155 796 2199 unus
828 2155 900 2196 ex
926 2138 1126 2212 nobis,
1161 2154 1303 2214 quos
1341 2135 1479 2196 facis
1515 2135 1798 2196 consules·
1845 2134 2063 2207 Quotus
2087 2138 2244 2212 quis-

265 2234 374 2295 que
407 2220 715 2296 principum
744 2221 1192 2283 antecedentium
1215 2219 1485 2280 honorem
1505 2221 1670 2279 istum
1697 2227 1787 2277 aut
1813 2217 2121 2278 consulatui
2143 2219 2244 2278 ha-

262 2299 379 2358 buit
409 2309 500 2359 aut
531 2300 785 2379 populo?
823 2301 960 2363 Nam
992 2303 1084 2362 alii
1105 2303 1334 2363 marcidi
1356 2319 1551 2362 somno
1582 2301 1956 2380 hesternaque
1977 2321 2116 2362 cena
2144 2321 2242 2360 re·
2263 2308 2344 2364 25

263 2382 571 2442 dundantes
604 2387 949 2444 comitiorum
973 2405 1199 2447 suorum
1229 2389 1449 2446 nuntios
1481 2386 1949 2464 opperiebantur,
1981 2385 2071 2446 alii
2100 2403 2244 2445 sane

263 2465 574 2543 pervigiles
605 2477 662 2526 et
700 2469 1015 2546 insomnes,
1057 2469 1160 2529 sed
1187 2472 1328 2529 intra
1361 2468 1563 2530 cubilia
1593 2486 1692 2529 sua
1720 2468 1829 2529 illis
1861 2471 2004 2546 ipsis
2032 2487 2242 2528 consu·

260 2549 410 2610 libus
432 2568 468 2630 a.
488 2551 688 2628 quibus
720 2552 985 2613 consules
1009 2554 1461 2613 renuntiabantur
1482 2551 1649 2612 exilia
1678 2560 1734 2611 et
1770 2552 2001 2612 caedem
2028 2552 2242 2611 machi·
2464 2510 2467 2605 l

259 2635 545 2695 nabantur.
593 2634 640 2694 Ο
664 2652 832 2712 prava
863 2645 920 2695 et
945 2638 1118 2696 inscia
1145 2655 1316 2697 verae
1344 2638 1645 2711 maiestatis
1674 2636 1933 2712 ambiti0,
1968 2636 2242 2713 concupi—

261 2736 426 2778 scere
456 2718 728 2779 honorem
755 2737 923 2797 quem
954 2719 1273 2795 dedigneris
1291 2765 1308 2796 ,
1341 2719 1626 2795 dedignari
1658 2736 1822 2797 quem
1853 2720 2239 2798 concupieriS,
2261 2729 2346 2787 30

261 2819 500 2878 cumque
531 2821 604 2861 ex
628 2805 893 2880 proximis
916 2803 1090 2862 hortis
1122 2819 1375 2880 campum
1407 2811 1465 2861 et
1497 2803 1717 2862 comitia
1747 2812 2114 2880 prospectes,
2148 2804 2245 2862 sic

259 2882 327 2943 ab
358 2884 470 2944 illis
499 2886 736 2961 abesse,
782 2894 1055 2965 tamquam
1080 2885 1338 2945 Danubio
1369 2885 1682 2962 Rhenoque
1719 2884 1999 2947 dirimare!
2052 2885 2243 2944 Aver-

261 2968 404 3026 seris
434 2975 494 3026 tu
521 2968 719 3029 honori
753 2978 849 3028 tuo
879 2979 1102 3048 sperata
1134 2969 1427 3046 suffragia,
1471 2969 1885 3045 renuntiarique
1927 2978 1983 3028 te
2029 2985 2242 3028 consu—

259 3046 373 3106 lem
401 3050 634 3111 iussisse
672 3062 998 3129 contentus,
1047 3052 1260 3113 liberae
1291 3053 1529 3112 civitatIs
1567 3070 1638 3113 ne
1679 3052 2081 3115 simulationem
2110 3054 2243 3129 qui-

261 3129 387 3190 dem
417 3131 655 3192 serves?
712 3135 992 3195 abstineas
1022 3135 1263 3214 denique
1300 3137 1535 3196 comitiis
1555 3181 1573 3212 ,
1614 3135 1904 3199 abstrusus
1935 3145 2101 3212 atque
2130 3135 2240 3195 ab·
2262 3145 2355 3199 35

260 3213 439 3285 ditus,
475 3217 630 3289 quasi
658 3215 773 3275 illic
799 3220 898 3278 tibi
930 3234 1042 3280 non
1076 3219 1396 3279 consulatus
1425 3218 1619 3296 detur,
1664 3218 1767 3278 sed
1799 3220 2102 3296 abrogetur
2130 3219 2243 3277 im—

261 3291 518 3371 perium?
573 3295 724 3355 Haec
754 3304 1052 3376 persuasio
1076 3303 1490 3379 superbissimis
1522 3302 1754 3362 dominis
1786 3313 1902 3362 erat
1924 3312 1984 3362 ut
2012 3301 2118 3360 sibi
2146 3303 2244 3360 vi-

264 3375 529 3435 derentur
565 3379 847 3459 principes
892 3402 1023 3444 esse
1063 3384 1357 3464 desinere,
1406 3386 1455 3446 si
1497 3386 1631 3466 quid
1669 3385 1921 3448 facerent
1955 3395 2246 3465 tamquam
