2467 3850
689 221 1204 283 Erls'roLARUM
1229 181 1327 282 v'1.
1372 231 1423 286 7.
1443 232 1496 286 s.
1526 233 1578 286 9.
2008 223 2128 290 113

157 376 453 435 intuentur.
514 371 654 433 Nam
682 383 741 433 et
771 373 868 434 ille
897 376 1192 435 amicitiam
1219 393 1397 435 meam
1429 374 1690 435 latissima
1713 374 2128 455 praedicatione

161 457 479 517 circumfert
507 465 566 517 et
605 474 717 533 ego
751 476 887 536 prae
924 476 1014 519 me
1047 459 1172 529 fero
1201 468 1437 536 quantae
1466 460 1540 519 sit
1574 457 1706 517 mihi
1743 477 1909 520 curae
1936 461 2127 522 mode·

160 544 260 602 stia
300 544 465 620 quies
510 542 781 600 securitas
816 543 956 601 eius.
1026 540 1172 614 Quin
1211 544 1377 602 etiam
1412 560 1535 602 cum
1565 541 1914 603 insolentiam
1944 546 2181 609 cuius-3

160 624 277 684 dam
307 625 641 684 tribunatum
668 622 855 702 plebis
894 626 1076 684 inituri
1107 634 1404 685 vereretur
1434 625 1620 703 idque‘
1645 625 1948 687 indicasset
1973 628 2124 704 mihi,
2163 667 2169 678 ,

114 706 423 788 5respondi
465 698 648 780 οὔτις
688 703 849 786 ἐμεῦ
890 706 1144 781 ζῶντος.
1213 707 1465 781 Quorsus
1500 705 1689 767 haec?
1738 717 1798 769 ut
1835 712 1981 771 scias
2016 727 2127 771 non

160 809 331 870 posse
374 789 601 851 Atilium
652 808 742 850 me
791 790 1054 852 incolumi
1100 793 1350 851 iniuriam
1379 793 1664 870 accipere.
1730 792 1937 853 lterum
1967 794 2174 858 dices4
2230 855 2239 874 ,

160 881 419 954 ‘quorsus
449 872 665 934 haec?'
694 874 903 935 Debuit
935 877 990 935 ei
1012 878 1304 954 pecuniam
1329 875 1585 936 Valerius
1607 874 1817 938 Varus:
1846 877 2009 937 huius
2039 887 2129 939 est
2231 885 2238 952 ξ

157 956 322 1018 heres
353 958 621 1018 Maximus
650 967 864 1037 noster,
898 977 1063 1036 quem
1092 970 1150 1020 et
1182 960 1310 1039 ipse
1341 977 1496 1037 amo,
1534 958 1637 1021 sed
1668 962 2014 1023 coniunctius
2046 971 2124 1022 tu.
2232 993 2235 1004 ·

155 1041 320 1118 Rogo
351 1060 511 1119 ergo,
548 1044 714 1119 exigo
747 1044 909 1102 etiam
936 1059 1039 1120 pro
1064 1046 1182 1102 iure
1206 1044 1502 1120 amicitiae,
1536 1062 1701 1104 cures
1723 1052 1782 1103 ut
1802 1043 1974 1105 Atilio
1995 1061 2126 1106 meo
2145 1056 2177 1108 5

79 1142 142 1194 10
157 1125 311 1187 salva
339 1128 412 1186 sit
440 1144 550 1185 non
578 1143 702 1186 sors
731 1127 903 1186 modo
947 1146 1138 1188 verum
1178 1130 1341 1188 etiam
1379 1146 1544 1188 usura
1576 1126 1815 1206 plurium
1842 1145 2124 1189 annorum.
2230 1163 2241 1206 ‚¹

156 1209 336 1269 Homo
365 1220 454 1270 est
481 1209 646 1269 alieni
674 1210 1208 1287 abstinentissimus,
1252 1213 1337 1270 sui
1369 1210 1641 1288 diligens,
1683 1210 1851 1271 nullis
1883 1215 2125 1291 quaesti-
2226 1227 2235 1292 1

153 1295 260 1354 bus
292 1296 621 1370 sustinetur,
665 1293 850 1352 nullus
878 1294 960 1353 illi
988 1296 1094 1355 nisi
1118 1313 1191 1354 ex
1216 1294 1533 1372 frugalitate
1555 1294 1785 1355 reditus.
1818 1294 1983 1374 ,Nam
2012 1306 2178 1362 stu-6

155 1378 275 1453 dia,
321 1378 521 1455 quibus
565 1376 859 1456 plurimum
887 1388 1168 1456 praestat,
1209 1376 1279 1437 ad
1304 1378 1648 1457 voluptatem
1682 1388 1889 1439 tantum
1917 1390 1975 1441 et
2002 1380 2124 1458 glo·

151 1462 286 1520 riam
324 1471 575 1521 exercet.
638 1457 832 1521 Gravis
860 1471 949 1522 est
980 1464 1033 1521 ei
1063 1461 1156 1521 vel
1184 1463 1401 1521 minima
1429 1464 1674 1539 iactura,
1712 1465 1836 1540 quia
1859 1482 2123 1543 reparare
2218 1441 2229 1510 ’-

76 1551 135 1603 15
154 1543 303 1624 quod
333 1548 583 1605 amiseris
611 1547 835 1622 gravius
877 1556 984 1606 est.
1047 1544 1244 1605 Exime
1274 1545 1422 1605 hunc
1450 1546 1565 1623 illi,
1611 1547 1791 1606 exime
1821 1546 1969 1608 hunc
1998 1549 2126 1609 mihi
2145 1558 2177 1612 7

152 1628 504 1706 scrupulum:
532 1630 652 1688 sine
680 1646 768 1688 me
799 1631 1069 1690 suavitate
1100 1631 1245 1706 cius,
1276 1632 1395 1689 sine
1424 1628 1715 1707 leporibus
1737 1630 1966 1707 perfrui.
2011 1631 2124 1692 Ne·

151 1730 262 1791 que
304 1715 448 1772 enim
488 1730 717 1791 possum
760 1713 978 1772 tristem
1018 1713 1245 1790 videre,
1301 1714 1456 1771 cuius
1497 1712 1740 1772 hilaritas
1774 1730 1864 1773 me
1909 1717 2122 1775 tristem

151 1814 283 1856 esse
310 1813 423 1855 non
456 1799 673 1873 patitur.
735 1794 797 1855 In
825 1814 1069 1873 summa,
1111 1798 1258 1856 nosti
1293 1796 1523 1855 facetias
1551 1795 1816 1864 hominis;
1857 1815 1994 1875 quas
2024 1809 2174 1861 νει-8

148 1878 244 1939 lim
274 1878 540 1940 adtendas
563 1899 634 1941 ne
655 1881 720 1939 ·in
748 1879 918 1940 bilem
943 1889 1001 1941 et
1022 1879 1436 1941 amaritudinem
1470 1887 1650 1940 vertat
1678 1880 1890 1939 iniuria.
1948 1878 2123 1953 Quam

68 1965 258 2027 20vim
286 1963 488 2024 habeat
516 1965 765 2024 offensus
798 1965 968 2025 crede
998 1966 1050 2024 ei
1077 1983 1239 2044 quam
1267 1967 1321 2024 in
1353 1980 1539 2023 amore
1564 1962 1751 2022 habet.
1816 1961 1946 2023 Non
1976 1964 2123 2024 feret

15 2052 18 2055 ’
145 2065 405 2124 magnum
443 2059 500 2109 et
542 2047 779 2107 liberum
820 2050 1099 2126 ingenium
1140 2067 1266 2109 cum
1306 2046 1640 2108 contumelia
1677 2044 1943 2105 damnum.
2008 2048 2189 2110 Ve-S}

143 2149 267 2189 rum
295 2141 354 2190 ut
382 2132 525 2193 ferat
553 2131 685 2210 ille,
729 2149 839 2209 ego
880 2150 1063 2192 meum
1103 2132 1384 2209 damnum,
1416 2148 1594 2190 meam
1626 2130 2014 2191 contumeliam
2039 2135 2120 2192 iu·

145 2214 375 2293 dicabo,
408 2215 511 2277 sed
539 2234 651 2275 non
682 2225 955 2294 tamquam
996 2233 1099 2294 pro
1139 2235 1298 2294 mea,
1340 2216 1452 2275 hoc
1494 2224 1583 2274 est
1624 2216 1848 2291 gravius
1891 2217 2116 2276 irascar.

145 2296 491 2377 Quamquam
531 2300 663 2378 quid
703 2299 1205 2360 denuntiationibus
1253 2310 1309 2360 et
1351 2300 1508 2378 quasi
1547 2299 1709 2359 minis
1757 2296 1909 2376 ago?
1975 2299 2120 2372 Quin

64 2397 125 2448 25
145 2383 368 2459 potius,
407 2392 465 2442 ut
502 2400 834 2462 coeperam,
861 2400 1037 2461 rog0,
1070 2400 1170 2443 oro
1214 2383 1316 2444 des
1351 2400 1579 2461 operam
1610 2400 1682 2442 ne
1705 2381 1804 2442 ille
1830 2402 1929 2460 se,
1971 2383 2120 2461 quod

142 2465 486 2527 validissime
516 2483 741 2543 vereor,
774 2484 805 2526 a
828 2485 940 2544 me,
977 2484 1091 2544 ego
1123 2485 1211 2527 me
1240 2465 1563 2545 neglectum
1590 2484 1622 2525 a
1650 2475 1707 2525 te
1736 2477 1942 2544 putem.
2008 2467 2119 2527 Da-

135 2548 242 2695 brigl
279 2558 499 2629 autem,
556 2553 604 2611 si
654 2550 767 2612 hoc
811 2550 1045 2629 perinde
1098 2570 1266 2613 curae
1311 2560 1400 2612 est
1443 2550 1543 2610 tibi
1584 2566 1748 2628 quam
1786 2550 1924 2611 illud
1966 2551 2115 2610 mihi.

246 2653 302 2694 e.
498 2655 501 2657 “

1040 2766 1219 2828 v1111.

692 2866 745 2920 o,
786 2867 1035 2918 PLINan
1072 2866 1306 2917 TAorro
1344 2866 1463 2918 suo
1498 2865 1550 2920 S.

266 2966 639 3030 Commendas
692 2968 823 3028 mihi
861 2967 1060 3028 Iulium
1099 2967 1379 3029 Nasonem
1419 2966 1778 3028 candidatum.
1838 2963 2168 3028 Nasoneml

132 3050 315 3113 mihi?
364 3048 497 3130 quid
538 3053 589 3112 si
628 3069 718 3112 me
760 3049 982 3132 ipsum?
1043 3051 1190 3111 Fero
1235 3061 1418 3111 tamen
1455 3060 1512 3111 et
1546 3054 1800 3128 ignosco.
1865 3048 2119 3111 Eundem

129 3138 288 3196 enim
324 3134 805 3196 commendassem
837 3135 967 3212 tibi,
1008 3137 1056 3195 si
1084 3145 1143 3195 te
1172 3135 1383 3195 Romae
1407 3145 1656 3195 morante
1686 3135 1808 3213 ipse
1833 3132 2116 3203 afuissem.

54 3227 113 3281 35
130 3218 324 3280 Habet
351 3219 463 3279 hoc
498 3217 840 3296 sollicitudo,
869 3219 1019 3298 quod
1044 3221 1224 3280 omnia
1245 3220 1564 3279 necessaria
1586 3227 1762 3297 putat.
1805 3216 1886 3276 Tu
1914 3227 2116 3295 tamen,
2138 3228 2170 3278 2

132 3320 379 3381 censeo,
413 3302 557 3363 alios
583 3321 786 3380 roges;
827 3320 939 3381 ego
981 3321 1211 3381 precum
1236 3313 1450 3363 tuarum
1477 3304 1725 3364 minister
1752 3300 1967 3362 adiutor
1994 3320 2118 3381 par-

132 3390 328 3466 ticeps
358 3404 478 3449 ero.
539 3386 699 3448 Vale.

211 3477 363 3537 Pnuu
400 3476 498 3533 ΕΡ.
1346 3535 1354 3544 ,
1763 3468 1806 3532 8

58 2818 122 2872 30

2345 845 2358 1012 3
