2467 3850
672 216 1190 278 EPISTULARUM
1209 216 1306 277 Vl.
1341 225 1423 280 14.
1451 227 1534 279 15.
1563 226 1643 280 16.
2029 218 2151 283 117

169 373 289 431 eius
313 368 653 448 scriptorum
679 378 898 429 tuorum
920 370 1219 430 aeternitas
1251 368 1434 429 addet.
1478 367 1750 448 Equidem
1786 369 1984 431 beatos
2012 382 2147 450 puto
2165 381 2199 434 3

171 456 373 533 quibus
397 454 628 513 deorum
648 472 881 513 munere
904 453 1086 513 datum
1120 462 1209 513 est
1242 463 1336 512 aut
1359 452 1548 512 facere
1571 453 1867 513 scribenda
1894 464 1986 514 aut
2009 459 2146 515 scri·

168 538 309 598 bere
346 536 621 614 legenda,
664 537 1015 597 beatissimos
1048 554 1187 596 vero
1232 535 1434 615 quibus
1477 546 1787 616 utrumque.
1852 535 2060 596 Horum
2092 541 2148 598 in

168 638 400 682 numero
433 620 741 681 avunculus
775 639 936 680 meus
971 629 1031 679 et
1064 623 1180 681 suis
1204 620 1363 680 libris
1402 627 1462 680 et
1491 621 1600 680 tuis
1630 623 1752 680 erit.
1816 619 1941 693 Quo
1969 621 2147 682 liben-
2208 615 2213 621 ’
2308 669 2317 678 .

122 707 279 766 5tius
304 706 587 783 suscipio,
620 703 875 782 deposco
904 706 1073 763 etiam
1107 705 1258 782 quod
1291 704 1548 780 iniungis.
1608 702 1745 764 Erat
1776 702 1974 765 Miseni
2004 705 2199 765 clas-4

172 806 407 865 semque
440 789 679 867 imperio
716 803 988 863 praesens
1021 788 1278 865 regebat.
1335 786 1554 846 Nonum
1589 786 1713 847 Kal.
1753 787 2144 866 Septembres,

170 872 307 932 hora
337 871 461 931 fere
489 873 759 950 septima,
798 881 974 931 mater
1003 889 1126 930 mea
1154 870 1357 930 indicat
1381 872 1434 929 ei
1455 888 1728 949 apparere
1753 873 1959 931 nubem
1979 874 2146 932 inusi-

168 965 280 1016 tata
308 965 366 1015 et
387 954 759 1032 magnitudine
795 963 853 1014 et
879 956 1094 1033 specie.
1155 955 1305 1015 Usus
1338 953 1436 1013 ille
1459 954 1604 1030 sole,
1640 971 1771 1014 mox
1798 955 2018 1032 frigida,
2045 974 2146 1033 gu·
2165 965 2196 1015 5

172 1047 415 1099 staverat
441 1040 634 1099 iacens
656 1037 1060 1116 studebatque:
1096 1040 1285 1117 poscit
1317 1036 1541 1115 soleas,
1586 1038 1838 1098 ascendit
1866 1038 2053 1098 locum
2075 1058 2150 1099 ex

90 1129 157 1182 lo
174 1140 284 1200 quo
305 1124 538 1182 maxime
567 1122 889 1182 miraculum
915 1120 1053 1181 illud
1077 1123 1331 1199 conspici
1356 1129 1590 1200 poterat.
1635 1120 1851 1199 Nubes,
1875 1124 2149 1182 incertum

169 1206 370 1285 procul
399 1206 737 1265 intuentibus
769 1224 842 1265 ex
870 1223 982 1284 quo
1020 1214 1206 1265 monte
1242 1205 1577 1283 (Vesuvium
1609 1205 1787 1270 fuisse
1821 1215 2022 1285 postea
2051 1223 2147 1266 co-

167 1291 379 1367 gnitum
403 1288 558 1365 est),
595 1290 910 1366 oriebatur,
943 1290 1101 1350 cuius
1124 1288 1534 1348 similitudinem
1568 1297 1626 1349 et
1647 1283 1877 1349 formam
1909 1307 2022 1350 non
2041 1289 2148 1351 alia

165 1374 345 1449 magis
381 1373 549 1432 arbor
596 1390 759 1451 quam
804 1375 966 1451 pinus
1010 1375 1375 1450 expresserit.
1440 1372 1580 1432 Nam
1616 1372 1946 1450 longissimo
1990 1374 2197 1435 velut6

166 1465 365 1517 trunco
400 1456 545 1518 elata
578 1458 635 1515 in
669 1454 837 1516 altum
877 1457 1206 1534 quibusdam
1249 1459 1414 1517 ramis
1458 1455 1895 1534 diffundebatur,
1946 1456 2141 1534 credo,

89 1552 152 1605 15
171 1542 300 1619 quia
335 1542 555 1600 recenti
595 1541 792 1618 spiritu
833 1550 1066 1617 evecta,
1110 1539 1240 1599 dein
1271 1548 1610 1601 senescente
1655 1558 1726 1600 eo
1754 1540 2018 1601 destituta
2052 1549 2144 1601 aut

168 1626 333 1683 etiam
370 1623 623 1701 pondere
663 1640 766 1683 suo
805 1626 955 1683 victa
1004 1625 1061 1682 in
1104 1623 1449 1683 latitudinem
1492 1623 1859 1684 vanescebat:
1913 1625 2145 1684 candida

166 1706 472 1783 interdum,
518 1707 791 1767 interdum
828 1706 1053 1767 sordida
1094 1717 1151 1766 et
1180 1706 1486 1782 maculosa,
1531 1717 1700 1784 prout
1741 1716 1945 1767 terram
1990 1711 2141 1767 cine-

164 1808 358 1850 remve
393 1790 710 1850 sustulerat.
766 1789 1026 1867 Magnum
1065 1791 1413 1869 propiusque
1440 1789 1818 1866 noscendum,
1862 1800 1923 1851 ut
1959 1791 2139 1850 erudi·
2159 1800 2191 1854 7

163 1876 379 1936 tissime
403 1877 559 1953 viro,
603 1876 800 1935 visum.
864 1871 1393 1935 lubetLiburnicam
1415 1875 1617 1952 aptari:
1665 1874 1830 1951 mibi,
1877 1875 1925 1934 si
1949 1875 2142 1934 venire

82 1964 275 2018 muna
302 1958 537 2034 vellem,
576 1958 709 2019 facit
740 1960 987 2038 copiam:
1018 1958 1284 2036 respondi
1321 1958 1546 2017 studere
1567 1976 1657 2017 me
1680 1957 1876 2036 malle,
1914 1967 1971 2017 et
1995 1957 2140 2017 forte

162 2045 292 2122 ipse
316 2041 468 2121 quod
490 2042 802 2102 scriberem
823 2041 1072 2104 dederat.
1130 2040 1544 2119 Egrediebatur
1578 2040 1771 2100 domo:
1816 2043 2022 2120 accipit
2046 2058 2141 2101 co·
2157 2050 2192 2103 8

159 2125 390 2185 dicillos
419 2125 690 2195 Rectinae
713 2124 878 2186 Tasci
906 2128 1187 2186 inminenti
1210 2124 1467 2203 periculo
1494 2126 1793 2184 exterritae
1835 2125 1989 2203 (nam
2010 2124 2143 2184 villa

162 2211 287 2270 eius
312 2209 659 2286 subiacebat,
691 2227 799 2268 nec
828 2210 940 2270 ulla
973 2212 1078 2270 nisi
1101 2209 1336 2270 navibus
1364 2208 1558 2287 fuga):
1594 2218 1653 2269 ut
1676 2227 1741 2269 se
1771 2218 1921 2269 tanto
1947 2207 2142 2269 discri-
2250 2214 2262 2225 ⁶

159 2293 291 2353 mini
329 2295 577 2372 eriperet
619 2294 830 2353 orabat.
890 2293 1073 2354 Vertit
1117 2292 1215 2353 ille
1258 2292 1549 2353 consilium
1592 2302 1671 2355 et·
1696 2293 1846 2371 quod
1886 2291 2193 2355 studioso9

31 2388 32 2421 ἰ
81 2378 343 2438 25animo
370 2377 729 2436 inchoaverat
766 2378 883 2437 obit
907 2379 1185 2447 maximo..
1227 2375 1471 2437 Deducit
1494 2377 1908 2454 quadriremes,
1943 2395 2141 2437 ascen-

162 2461 241 2520 dit
284 2462 436 2538 ipse,
482 2478 593 2519 non
621 2460 894 2520 Rectinae
926 2460 1093 2522 modo
1131 2459 1233 2521 sed
1266 2460 1453 2522 multis
1489 2462 1641 2540 (erat
1682 2462 1828 2520 enim
1872 2460 2140 2547 frequens

157 2546 470 2604 amoenitas
508 2544 671 2621 orae)
708 2542 919 2604 laturus
950 2544 1226 2604 auxilium.
1292 2543 1561 2623 Properat
1584 2544 1720 2604 illuc
1745 2544 1893 2604 unde
1920 2544 2013 2603 alii
2055 2543 2140 2601 fu·
2159 2555 2226 2607 10

156 2631 354 2705 giunt,
390 2637 721 2709 rectumque
752 2645 1006 2706 cursum,
1041 2639 1198 2689 recta
1228 2628 1610 2705 gubernacula
1641 2629 1698 2687 in
1721 2627 2032 2707 periculum
2056 2636 2141 2685 te·

155 2722 280 2788 net,
306 2710 451 2770 adeo
475 2710 693 2771 solutus
722 2721 875 2771 metu
904 2722 963 2772 ut
996 2714 1170 2771 omnis
1206 2711 1355 2771 illius
1387 2711 1514 2771 mali
1540 2720 1721 2770 motus
1739 2757 1756 2788 ,
1801 2712 1978 2769 omnis
2002 2710 2140 2785 ligu—

39 2802 40 2807 ’
77 2808 285 2871 aoras,
319 2803 380 2853 ut
412 2793 787 2873 deprenderat
815 2796 1030 2872 oculis,
1066 2795 1302 2856 dictaret
1341 2803 1726 2872 enotaretque.
1772 2792 1886 2852 lam
1909 2792 2139 2852 navibus
2158 2804 2220 2856 ll

157 2880 303 2938 cinis
338 2879 653 2955 incidebat,
707 2897 818 2957 quo
862 2882 1094 2956 propius
1124 2877 1494 2955 accederent,
1543 2876 1777 2937 calidior
1800 2884 1859 2937 et
1890 2875 2138 2954 densior,

43 3000 44 3017 ἢ
152 2965 265 3022 iam
300 2964 559 3040 pumices
597 2965 762 3023 etiam
791 2965 1046 3042 nigrique
1080 2971 1138 3022 et
1164 2961 1401 3021 ambusti
1428 2972 1485 3021 et
1521 2962 1681 3019 fracti
1725 2961 1856 3036 igne
1900 2958 2140 3037 lapidee,

45 3078 46 3119 ῃ
152 3049 263 3105 iam
303 3045 508 3104 vadum
540 3047 783 3107 subitum
822 3049 1090 3125 ruinaque
1134 3047 1336 3104 montis
1371 3045 1531 3104 litora
1564 3044 1853 3103 obstantia.
1900 3041 2140 3103 Cuncta·

47 3138 50 3231 k
152 3138 247 3189 tus
277 3128 507 3207 paulum
537 3149 606 3190 an
637 3139 791 3191 retro
826 3131 1118 3206 flecteret,
1161 3146 1294 3188 mox
1336 3128 1695 3204 gubernatori
1733 3136 1793 3186 ut
1818 3130 1891 3187 ita
1925 3126 2142 3188 faceret

76 3217 135 3272 35
153 3216 408 3274 monenti
458 3214 688 3275 ‘fortes’
735 3215 929 3293 inquid
970 3214 1214 3274 ‘fortuna
1258 3213 1436 3272 iuvat:
1490 3211 1920 3289 Pomponianum
1955 3216 2137 3289 pete.’

151 3297 366 3357 Stabiis
411 3307 567 3375 erat,
614 3297 920 3378 diremptus
963 3299 1084 3359 sinu
1128 3295 1340 3364 medi0;
1389 3314 1513 3355 nam
1548 3296 1756 3355 sensim
1791 3296 2138 3356 circumactis
2158 3303 2223 3356 12

150 3384 522 3459 curvatisque
556 3380 810 3442 litoribus
842 3400 992 3442 mare
1028 3378 1344 3439 infunditur.
1390 3378 1509 3455 lbi,
1547 3397 1874 3458 quamquam
1901 3378 2141 3438 nondum

148 3464 417 3543 periculo
441 3464 957 3546 adpropinquante,
1003 3465 1313 3543 conspicuo
1346 3473 1561 3540 tamen,
1587 3472 1645 3524 et
1679 3480 1803 3523 cum
1829 3470 2138 3534 cresceret,
