2467 3850
769 157 1290 221 EPISTULARUM
1335 159 1431 217 111.
1480 169 1562 222 19.
2073 159 2151 222 63

1043 311 1279 372 xvlln.

592 428 645 483 c,
682 430 936 481 PmNms
973 429 1270 479 GALvlslo
1306 428 1472 480 RUFO
1511 425 1631 479 suo
1669 428 1722 480 S.

242 569 498 630 Adsumo
542 577 600 627 te
640 570 696 627 in
737 567 1032 628 consilium
1071 570 1154 627 rei
1194 568 1512 646 familiaris,
1564 579 1624 630 ut
1662 570 1843 631 soleo.
1921 568 2147 631 Praedia
2167 584 2196 635 1

119 661 147 711 5
165 658 314 731 agris
353 655 498 711 meis
541 654 723 711 vicina
756 662 926 730 atque
969 654 1135 712 etiam
1164 655 1374 714 inserta
1400 653 1619 713 venalia
1649 664 1793 715 sunt.
1851 654 1916 715 ln
1941 656 2028 717 his
2056 672 2146 713 me

161 738 330 797 multa
372 735 708 812 sollicitant,
752 734 935 814 aliqua
977 754 1084 796 nec
1119 740 1332 797 minora
1363 737 1665 797 deterrent.
1729 738 2007 799 Sollicitat
2035 740 2198 817 pri-2

158 837 306 880 mum
331 823 458 899 ipsa
487 820 844 900 pulchritudo
883 821 1181 899 iungendi,
1225 821 1427 882 deinde
1468 822 1621 901 quod
1661 839 1774 883 non
1803 826 1981 885 minus
2013 824 2147 885 utile

161 924 324 985 quam
353 904 753 984 voluptuosum
780 922 955 984 posse
989 916 1221 984 utraque
1253 906 1447 965 eadem
1482 925 1674 986 opera,
1709 907 1913 969 eodem
1943 910 2146 971 viatico

158 992 426 1064 invisere,
459 989 561 1048 sub
594 988 797 1049 eodem
826 998 1193 1068 procuratore
1223 1008 1292 1050 ac
1320 1008 1500 1069 paene
1528 990 1708 1051 isdem
1735 993 2020 1052 actoribus
2052 994 2146 1053 ha·

27 1119 28 1122 ¹
88 1074 145 1125 1⁰
158 1075 318 1150 bere,
349 1091 514 1132 unam
540 1071 727 1132 villam
771 1073 965 1133 colere
997 1083 1056 1133 et
1084 1090 1316 1149 ornare,
1361 1074 1591 1134 alteram
1617 1084 1826 1135 tantum
1854 1080 2013 1136 tueri.
2059 1077 2145 1136 In·
2164 1086 2198 1137 3

158 1167 245 1218 est
273 1158 407 1217 huic
450 1159 850 1235 computationi
890 1168 1144 1237 sumptus
1186 1157 1598 1237 supellectilis,
1644 1170 1898 1239 sumptus
1943 1163 2143 1221 atrien-

156 1244 317 1318 sium,
351 1244 736 1320 topiariorum,
768 1241 1052 1301 fabrorum
1081 1253 1249 1320 atque
1279 1244 1442 1302 etiam
1471 1245 1746 1303 venatorii
1767 1245 2142 1314 instrumenti;

155 1345 299 1405 quae
330 1325 630 1405 plurimum
668 1324 847 1385 refert
886 1345 1052 1385 unum
1092 1327 1150 1386 in
1183 1326 1372 1386 locum
1413 1327 1675 1389 conferas
1716 1346 1784 1387 an
1826 1331 1882 1388 in
1922 1330 2143 1400 diversa

155 1409 474 1488 dispergas.
534 1408 741 1469 Contra
782 1428 988 1470 vereor
1026 1430 1100 1470 ne
1144 1412 1217 1471 sit
1258 1413 1538 1472 incautum
1578 1432 1697 1472 rem
1735 1423 1846 1473 tam
1889 1422 2196 1490 magnam-1

86 1500 137 1549 15
154 1494 332 1554 isdem
373 1494 840 1572 tempestatibus,
889 1495 1070 1554 isdem
1111 1495 1338 1555 casibus
1382 1495 1658 1556 subdere:
1708 1499 1880 1557 tutius
1921 1497 2144 1557 videtur

151 1580 366 1637 incerta
417 1578 676 1637 fortunae
727 1581 1154 1657 possessionum
1202 1581 1562 1640 varietatibus
1612 1582 1873 1659 experiri.
1961 1582 2143 1641 Habet

151 1664 315 1721 etiam
344 1660 575 1720 multum
604 1662 957 1723 iucunditatis
989 1662 1099 1723 soli
1124 1662 1385 1741 caelique
1411 1665 1636 1723 mutatio
1658 1665 1895 1743 ipsaque
1920 1665 2014 1726 illa
2038 1684 2140 1745 pe-

147 1748 453 1823 regrinatio
495 1748 640 1805 inter
682 1765 799 1807 sua.
865 1747 1012 1824 Iam,
1068 1747 1217 1825 quod
1263 1746 1682 1807 deliberationis
1711 1758 1937 1809 nostrae
1970 1760 2189 1829 caputf)

148 1840 271 1905 est,
330 1832 452 1906 agri
496 1839 623 1889 sunt
666 1830 885 1891 fertiles
928 1832 1169 1909 pingues
1211 1833 1442 1908 aquosi,
1501 1840 1758 1892 constant
1800 1835 2011 1911 campis
2055 1837 2136 1892 vi·

76 1915 271 1976 anneis
305 1913 498 1991 silvis,
542 1933 687 1993 quae
716 1917 998 1975 materiam
1031 1924 1086 1974 et
1117 1934 1190 1974 ex
1220 1935 1288 1974 ea
1321 1915 1555 1975 reditum
1586 1917 1733 1976 sicut
1761 1915 2040 1976 modicum
2063 1919 2137 1978 ita

148 2008 350 2059 statum
396 2008 697 2077 praestant.
764 2000 879 2061 Sed
919 2001 1062 2060 haec
1105 1997 1349 2061 felicitas
1381 2010 1564 2059 terrae
1595 1999 1877 2061 inbecillis
1911 2001 2190 2064 cultori-6

145 2084 251 2143 bus
296 2083 579 2160 fatigatur.
633 2082 773 2143 Nam
816 2098 1123 2163 possessor
1150 2085 1308 2162 prior
1338 2085 1565 2161 saepius
1597 2085 1846 2145 vendidit
1878 2087 2132 2163 pignora,

147 2177 200 2226 et
229 2166 362 2226 dum
386 2165 607 2245 reliqua
638 2167 964 2227 colonorum
990 2171 1182 2228 minuit
1211 2169 1282 2228 ad
1310 2176 1554 2246 tempuS,
1584 2171 1737 2228 vires
1764 2172 1819 2228 in
1845 2180 2134 2247 posterum

146 2252 437 2325 exhausit,
485 2268 713 2328 quarum
756 2252 1080 2312 defectione
1119 2271 1313 2313 rursus
1353 2251 1571 2331 reliqua
1612 2264 1929 2314 creverunt.
2000 2253 2186 2315 Sunt?

72 2336 127 2388 25
146 2351 285 2412 ergo
328 2334 639 2394 instruendi
669 2353 742 2394 eo
784 2336 959 2414 plu-ris
991 2335 1138 2415 quod
1181 2337 1329 2414 frugi
1359 2339 1679 2416 mancipiis:
1725 2356 1847 2397 nam
1871 2356 1977 2398 nec
2008 2341 2135 2417 ipse

140 2437 376 2498 usquam
392 2420 618 2480 vinctos
639 2420 821 2480 habeo
839 2439 947 2480 nec
966 2421 1040 2480 ibi
1061 2424 1370 2499 quisquam.
1394 2422 1670 2500 Superest
1694 2432 1752 2482 ut
1775 2425 1924 2483 scias
1947 2426 2134 2501 quanti

138 2503 438 2563 videantur
468 2520 645 2582 posse
676 2507 814 2572 emi;
844 2508 1107 2566 sestertio
1135 2509 1364 2582 tricies,
1397 2523 1507 2564 non
1540 2508 1668 2584 quia
1694 2523 1808 2566 non
1835 2505 2132 2585 aliquando

140 2590 513 2666 quinquagies
544 2587 769 2664 fuerint,
804 2607 997 2647 verum
1027 2599 1084 2649 et
1114 2589 1218 2649 hac
1252 2592 1515 2668 paenuria
1547 2589 1878 2649 colonorum
1901 2601 1957 2651 et
1981 2608 2132 2650 com-

140 2674 287 2731 muni
321 2673 600 2750 temporis
641 2675 930 2749 iniquitate
961 2684 1020 2734 ut
1050 2673 1262 2735 reditus
1301 2692 1559 2752 agrorum
1587 2676 1672 2733 sic
1698 2677 1862 2734 etiam
1892 2678 2132 2753 pretium

69 2757 293 2815 Soretro
324 2756 478 2815 abiit.
547 2754 785 2828 Quaeris
818 2775 885 2816 an
918 2758 1027 2818 hoc
1057 2761 1241 2836 ipsum
1268 2761 1460 2818 tricies
1492 2757 1661 2818 facile
1693 2757 1965 2834 colligere
1998 2768 2184 2836 pos-8

140 2837 354 2901 simus?
396 2858 521 2898 sum
552 2839 776 2916 quidem
806 2859 988 2920 prope
1019 2851 1169 2902 totus
1200 2845 1255 2901 in
1288 2842 1564 2920 praediis,
1598 2841 1802 2919 aliquid
1835 2852 2016 2901 tamen
2047 2843 2129 2902 fe-

139 2942 297 3001 nero,
331 2941 446 2983 nec
475 2923 778 2984 molestum
810 2928 915 2985 erit
944 2929 1205 2993 mutuari:
1241 2929 1510 3004 accipiam
1537 2944 1567 2984 a
1593 2943 1784 3003 socru,
1820 2928 1978 2986 cuius
2001 2946 2131 2986 arca

136 3025 245 3067 non
275 3027 452 3069 secus
483 3026 553 3067 ac
583 3026 708 3068 mea
736 3020 881 3070 utor.
935 3009 1173 3070 Proinde
1205 3011 1315 3068 hoc
1346 3021 1404 3070 te
1436 3027 1549 3068 non
1576 3020 1819 3087 moveat,
1857 3012 1907 3071 si
1937 3021 2133 3071 cetera
2152 3022 2185 3074 9

137 3109 244 3150 non
286 3093 680 3170 refragantur,
737 3112 881 3172 quae
931 3093 1102 3153 velim
1146 3112 1310 3172 quam
1357 3093 1781 3169 diligentissime
1824 3096 2127 3155 examines.

27 3186 28 3193 ’
68 3174 274 3235 35Nam
324 3195 454 3237 cum
491 3179 547 3236 in
590 3178 847 3237 omnibus
896 3179 1068 3238 rebus
1107 3188 1219 3237 tum
1264 3181 1316 3237 in
1363 3177 1724 3254 disponendis
1770 3179 2128 3241 facultatibus

136 3259 427 3339 plurimum
459 3262 563 3321 tibi
596 3271 654 3320 et
680 3281 816 3324 usus
846 3273 903 3322 et
936 3262 1322 3341 providentiae
1351 3271 1630 3340 superest.
1691 3262 1852 3323 Vale.
