2467 3850
316 173 440 239 238
495 172 562 237 c.
585 171 778 236 rum
797 171 897 235 ET
920 172 1232 237 'rnAlAm
1255 173 1370 236 ΕΡ.
1393 182 1723 240 119--121-
1753 176 2131 256 [mo-1221

262 336 459 401 arunt.
501 324 608 387 Hic
632 344 861 406 quoque
893 343 1005 389 non
1029 326 1395 389 mediocriter
1427 327 1637 389 haereo
1676 345 1749 388 ne
1793 329 2119 410 cuiusquam
2144 338 2304 390 retro

316 411 587 472 habeatur
611 412 783 480 ratio;
826 410 1121 490 dandaque
1162 430 1308 491 quac
1347 422 1481 472 tunc
1511 429 1637 472 cum
1669 414 1961 473 vincerent
1989 429 2102 473 non
2129 412 2304 494 debe·
2447 417 2449 508 Q

317 496 535 557 bantur.
578 492 745 572 Rogo
776 512 920 572 crgo
947 504 1009 555 ut
1037 495 1436 557 dubitationem
1462 513 1644 558 meam
1668 513 1908 576 regere,
1952 496 2011 558 id
2037 505 2159 576 est,
2203 498 2304 559 be·

315 580 518 641 ncficia
549 588 643 641 tua
675 581 1032 659 interpretari
1063 582 1190 658 ipse
1219 578 1492 658 digneris.

1042 709 1323 774 cxvnn.
1350 712 1575 793 [cxx]

978 811 1308 865 TRAIANUS
1339 812 1546 865 PLINIO
1583 812 1640 867 S.

444 911 797 975 Iselasticum
823 924 956 975 tunc
985 916 1220 993 primum
1250 913 1382 972 mihi
1407 911 1628 973 videtur
1656 914 1909 993 incipere
1932 911 2151 992 deberi,
2176 931 2307 974 cum

324 997 449 1077 quis
472 1000 527 1057 in
556 1000 838 1059 civitatem
863 1015 1017 1059 suam
1043 999 1171 1077 ipse
1202 990 1565 1076 εἰσήλασεν.
1629 997 1878 1061 Obsonia
1899 1014 2096 1057 corum
2124 1008 2307 1058 certa·

319 1083 526 1142 minum
555 1100 702 1161 quac
728 1081 1018 1145 iselastica
1046 1099 1178 1143 esse
1205 1080 1420 1160 placuit
1444 1080 1609 1159 mihi,
1641 1083 1690 1141 si
1723 1090 1850 1143 ante
1879 1080 2166 1143 iselastica
2192 1100 2305 1142 non
2323 1081 2385 1135 1⁰

320 1165 579 1244 fuerunt,
629 1176 784 1227 retro
835 1183 948 1226 non
999 1165 1293 1226 debentur.
1363 1163 1487 1225 Nec
1539 1166 1820 1244 proficere
1870 1182 1975 1244 pro
2021 1164 2305 1226 desiderio

320 1248 651 1312 athletarum
681 1260 875 1329 potest
903 1251 1035 1329 quid
1068 1265 1266 1309 corum
1293 1266 1437 1328 quae
1482 1259 1683 1327 postea
1709 1248 1994 1311 iselastica
2026 1267 2141 1310 non
2169 1250 2306 1328 lege

321 1337 608 1411 constitui,
643 1352 804 1412 quam
830 1343 867 1404 †
898 1336 991 1413 qui
1019 1336 1228 1410 ierant,
1259 1334 1525 1411 accipere
1555 1332 1860 1394 desierunt.
1919 1332 2131 1394 Mutata
2160 1336 2308 1394 enim

322 1417 644 1479 conditione
674 1420 1033 1480 certaminum
1068 1413 1248 1479 nihilo
1288 1418 1468 1479 minus
1496 1434 1639 1497 quac
1670 1427 1799 1480 ante
1829 1427 2169 1496 peregerant
2193 1435 2307 1479 non

318 1511 670 1563 revocantur.
2322 1503 2384 1556 15

1079 1634 1250 1700 cxx„
1298 1631 1550 1716 [cxxi]

758 1736 813 1792 C.
848 1735 1098 1790 PLINIUS
1132 1736 1424 1791 TRAIANO
1454 1735 1873 1790 IMPERATORI.

268 1857 298 1908 1
439 1843 635 1921 Usque
661 1843 719 1903 in
744 1842 858 1905 hoc
885 1852 1140 1922 tempus,
1171 1840 1429 1918 domine,
1479 1858 1668 1921 neque
1711 1843 1965 1921 cuiquam
2006 1840 2306 1919 diplomata

326 1928 676 1990 commodavi
715 1946 904 2008 neque
941 1929 999 1988 in
1029 1944 1150 1987 rem
1174 1925 1345 1987 ullam
1375 1928 1482 1988 nisi
1509 1936 1659 1987 tuam
1687 1928 1827 1987 misi.
1895 1927 2071 2001 Quam
2098 1930 2386 2006 perpe-20

267 2026 300 2079 2
317 2022 467 2075 tuam
497 2014 873 2073 servationem
898 2029 1079 2090 meam
1107 2011 1379 2090 quaedam
1406 2013 1719 2072 necessitas
1745 2013 1916 2090 rupit.
1957 2012 2130 2072 Uxori
2160 2011 2306 2071 enim

319 2115 483 2158 meac
512 2097 698 2157 audita
726 2105 909 2156 morte
938 2098 1025 2157 avi
1055 2096 1270 2156 volenti
1291 2095 1360 2155 ad
1391 2096 1608 2155 amitam
1638 2113 1793 2156 suam
1822 2113 2124 2156 excurrere
2146 2110 2307 2155 usum
2366 2148 2375 2159 .

2322 666 2354 722 5

320 2197 517 2243 corum
548 2197 760 2258 negare
789 2180 982 2240 durum
1011 2182 1242 2258 putavi,
1285 2196 1412 2239 cum
1441 2177 1570 2239 talis
1603 2177 1778 2239 officii
1809 2182 1987 2257 gratia
2011 2181 2068 2239 in
2104 2178 2305 2239 celeri·

318 2274 437 2326 tate
467 2267 808 2324 consisteret
840 2265 1159 2343 sciremque
1183 2264 1458 2324 rationem
1478 2263 1697 2323 itineris
1730 2265 2114 2342 probaturum,
2148 2264 2306 2322 cuius

322 2365 491 2408 causa
521 2358 640 2409 erat
677 2348 879 2426 pietas.
939 2346 1096 2408 Haec
1134 2348 1239 2408 tibi
1278 2349 1520 2426 scripsi,
1571 2348 1699 2424 quia
1739 2348 1870 2407 mihi
1896 2364 2087 2426 parum
2114 2351 2384 2424 gratus25

320 2431 446 2494 fore
488 2431 754 2510 videbar,
797 2434 846 2492 si
891 2431 1334 2494 dissimulassem
1364 2432 1511 2491 inter
1538 2430 1648 2491 alia
1678 2430 1956 2492 beneficia
1987 2431 2097 2503 hoc
2138 2448 2307 2490 unum

318 2534 545 2598 quoque
572 2533 663 2576 me
686 2515 899 2578 debere
926 2515 1306 2593 indulgentiae
1334 2524 1462 2574 tuae
1480 2560 1497 2592 ,
1545 2514 1698 2594 quod
1732 2515 1933 2577 fiducia
1960 2516 2082 2576 cius
2120 2531 2306 2594 quam-

317 2619 480 2681 quam
510 2600 831 2662 inconsulto
857 2609 916 2661 te
944 2618 1058 2661 non
1080 2598 1325 2661 dubitavi
1352 2599 1548 2660 facere
1580 2615 1746 2681 quae,
1786 2603 1836 2663 si
1873 2599 2305 2675 consuluissem,

318 2703 450 2747 sero
482 2686 772 2747 fecissem.

1065 2818 1268 2883 cxxl.
1294 2817 1571 2901 [cxx11.]
2322 2776 2385 2831 ³⁰

981 2920 1307 2973 TRAIANUS
1338 2921 1550 2974 PLINIO
1589 2921 1643 2975 S.

448 3020 652 3085 Merito
690 3023 963 3102 habuisti,
1013 3024 1278 3086 Secunde
1319 3027 1641 3104 carissime,
1690 3025 1945 3087 fiduciam
1985 3024 2147 3085 animi
2172 3025 2307 3101 mei,

320 3122 429 3165 nec
460 3106 817 3168 dubitandum
848 3108 1061 3184 fuisse,
1108 3110 1158 3169 si
1186 3119 1587 3188 expectasses,
1630 3109 1815 3172 donec
1849 3127 1939 3170 me
1976 3108 2309 3169 consuleres

319 3207 389 3248 an
432 3189 538 3248 iter
577 3193 771 3250 uxoris
805 3201 934 3252 tuae
964 3190 1393 3272 diplomatibus,
1423 3212 1572 3272 quac
1601 3194 1794 3255 officio
1824 3203 1920 3255 tuo
1951 3191 2114 3273 dedi,
2155 3190 2388 3255 adiu-35

318 3270 557 3330 vandum
587 3281 744 3333 essct
759 3317 777 3350 ,
821 3293 947 3335 cum
974 3274 1122 3353 apud
1149 3280 1368 3337 amitam
1398 3295 1553 3340 suam
1581 3288 1838 3341 uxortua
1865 3277 2108 3340 deberet
2139 3277 2307 3340 etiam

322 3352 613 3417 celeritate
642 3356 871 3432 gratiam
898 3355 1172 3419 adventus
1201 3363 1289 3420 sui
1319 3378 1550 3438 augere.
