2467 3850
313 178 831 241 EPISTULARUM
855 180 924 239 V.
949 193 1030 244 ιο.
1049 180 1201 259 (11.)
1218 192 1302 244 11.
1321 182 1472 263 (12.)
1493 193 1574 244 12.
1593 181 1736 261 (13.)
1754 191 1838 246 13.
1854 184 2003 262 (14.)
2047 184 2167 250 101

988 331 1116 392 xn.
1161 331 1363 412 [xm]

564 430 618 483 C.
657 431 906 483 PLINIUS
940 432 1255 483 TERENTlO
1291 431 1543 483 SGAURO
1575 432 1696 484 SUO
1729 431 1779 483 S.

308 530 671 594 Recitaturus
713 534 1112 594 oratiunculam
1153 553 1317 615 quam
1346 533 1638 614 publicare
1673 537 1867 613 cogito
1897 535 2165 597 advocavi
2184 554 2211 605 1

184 615 437 696 aliquos,
478 627 538 676 ut
568 634 900 694 revererer,
943 636 1192 697 paucos,
1234 628 1295 679 ut
1321 636 1515 679 verum
1542 618 1807 678 audirem.
1869 619 2008 680 Nam
2032 622 2165 681 mihi

128 700 397 779 5duplex
423 703 567 761 ratio
594 701 899 778 recitandi,
942 720 1084 779 una,
1120 712 1181 762 ut
1220 701 1599 763 sollicitudine
1637 703 1921 780 intendar,
1964 703 2160 783 altera,

181 793 240 843 ut
272 783 591 860 admonear,
625 786 673 844 si
703 784 835 863 quid
863 785 1011 846 forte
1039 805 1129 846 me
1161 796 1222 846 ut
1251 803 1437 846 meum
1469 784 1629 852 fallit.
1672 783 1797 844 Tuli
1827 786 1976 866 quod
2001 799 2162 867 pete·
2182 803 2216 855 2

182 869 341 946 bam,
384 869 571 928 inveni
603 869 698 947 qui
728 868 860 927 mihi
892 873 1112 948 copiam
1141 871 1362 931 consilii
1390 871 1475 929 sui
1510 869 1782 929 facerent.
1847 870 1979 949 Ipse
2003 889 2165 950 prae·

180 961 339 1011 terea
381 954 652 1032 quaedam
686 952 1027 1013 emendanda
1070 954 1349 1015 adnotavi.
1409 951 1716 1013 Emendavi
1758 954 1959 1014 librum
1998 974 2166 1034 quem

179 1036 303 1096 misi
333 1037 451 1095 tibi.
492 1035 780 1096 Materiam
811 1055 885 1096 ex
912 1038 1077 1098 titulo
1114 1055 1473 1116 cognosces,
1518 1047 1710 1098 cetera
1740 1037 1887 1098 liber
1917 1040 2215 1118 explica-3

90 1127 164 1177 lo
180 1120 282 1197 bit,
315 1138 481 1197 quem
514 1122 619 1179 iam
647 1138 793 1179 nunc
828 1131 1055 1199 oportet
1087 1124 1160 1183 ita
1183 1139 1565 1183 consuescere
1589 1130 1650 1180 ut
1670 1123 1790 1181 sine
1812 1122 2161 1202 praefatione

177 1203 558 1282 intellegatur.
601 1202 681 1263 Tu
709 1204 878 1264 velim
908 1204 1040 1284 quid
1070 1206 1140 1266 de
1171 1208 1469 1282 universo,
1503 1203 1635 1284 quid
1663 1204 1733 1265 de
1757 1206 2006 1283 partibus
2035 1219 2215 1273 sen-4

178 1288 283 1345 tias
312 1288 528 1347 scribas
556 1287 705 1347 mihi.
760 1288 877 1347 Ero
907 1290 1055 1348 enim
1081 1288 1176 1349 vel
1210 1292 1425 1350 cautior
1452 1291 1508 1348 in
1536 1289 1873 1350 continendo
1899 1289 1995 1352 vel
2028 1307 2162 1351 con-

173 1372 413 1513 sstalntior
438 1373 494 1430 in
533 1371 787 1450 edendo,
826 1373 874 1431 si
916 1372 1026 1433 hnc
1066 1373 1160 1433 vel
1204 1372 1341 1434 illuc
1372 1374 1674 1435 auctoritas
1704 1381 1798 1434 tua
1826 1376 2158 1437 accesserit.

226 1472 258 1514 a
283 1473 338 1515 e.
1486 1489 1491 1492 ·

89 1548 158 1599 ιο
955 1553 1110 1614 xm.
1156 1553 1385 1634 [xlm]

669 1651 723 1703 C.
759 1652 1007 1705 PLINIUS
1045 1653 1420 1704 VALERIANO
1456 1652 1575 1706 SUO
1611 1654 1667 1709 S.

300 1750 375 1813 Et
411 1761 470 1811 tu
499 1769 667 1830 rogas
701 1763 759 1813 et
793 1771 906 1831 ego
938 1756 1205 1833 promisi,
1249 1757 1298 1813 si
1340 1773 1609 1832 rogasses
1630 1800 1648 1832 ,
1692 1757 2028 1834 scripturum
2066 1774 2155 1817 me
2178 1772 2206 1822 1

173 1838 275 1898 tibi
306 1855 473 1916 quem
513 1836 801 1897 habuisset
841 1848 1103 1899 eventum
1145 1838 1452 1917 postulatio
1494 1837 1734 1918 Nepotis
1779 1840 1927 1898 circa
1962 1838 2156 1900 Tusci-

172 1921 312 1982 lium
351 1919 721 1983 Nominatum.
785 1920 1050 1983 Inductus
1091 1934 1181 1985 est
1222 1920 1582 2001 Nominatus,
1640 1924 1757 2000 egit
1799 1922 1923 2000 ipse
1952 1940 2058 2001 pro
2089 1941 2154 1983 se

84 2006 332 2066 mnullo
382 2016 704 2066 accusante.
797 2006 939 2066 Nam
985 2007 1159 2085 legati
1208 2007 1595 2068 Vicetinorum
1659 2023 1772 2066 non
1824 2007 1991 2066 modo
2042 2023 2155 2066 non

170 2100 505 2169 presserunt
537 2107 665 2150 eum
694 2108 892 2150 verum
921 2092 1086 2152 etiam
1109 2091 1493 2152 sublevarunt.
1534 2091 1755 2151 Summa
1784 2089 2155 2167 defensionis,
2172 2105 2206 2156 2

169 2192 286 2234 non
318 2173 483 2234 fidem
524 2175 632 2234 sibi
677 2175 731 2233 in
770 2175 1139 2236 advocatione
1183 2174 1288 2235 sed
1328 2176 1693 2236 constantiam
1723 2173 2003 2243 defuisse;
2057 2173 2154 2234 de-

170 2257 469 2319 scendisse
499 2267 559 2317 ut
586 2267 837 2318 acturum
877 2258 1061 2338 adque
1090 2261 1256 2321 etiam
1282 2261 1339 2319 in
1367 2261 1520 2319 curia
1546 2260 1761 2336 visum,
1803 2257 2004 2318 deinde
2035 2275 2156 2318 scr·

170 2342 434 2402 monibus
475 2344 775 2402 amicorum
815 2345 1175 2422 perterritum
1212 2345 1562 2403 recessisse:
1611 2344 1880 2404 monitum
1908 2344 2056 2402 enim
2082 2360 2156 2402 ne

83 2424 459 2486 25desiderio
500 2427 777 2486 senatoris
810 2445 921 2487 non
960 2429 1066 2487 iam
1099 2427 1261 2504 quasi
1308 2425 1379 2487 de
1418 2426 1709 2502 nundinis,
1750 2426 1853 2486 sed
1896 2427 2052 2504 quasi
2083 2424 2154 2485 dc

168 2511 350 2587 gratia
400 2508 542 2568 fama
584 2508 848 2587 dignitate
904 2511 1168 2570 certantis
1212 2520 1324 2570 tam
1375 2512 1765 2588 pertinaciter,
1824 2511 2155 2588 praesertim

167 2595 224 2655 in
248 2601 467 2668 senatu,
498 2602 860 2670 repugnaret,
893 2593 1100 2672 alioqui
1130 2596 1397 2654 maiorem
1426 2593 1686 2653 invidiam
1714 2610 1877 2670 quam
1901 2594 2153 2670 proxime

166 2694 483 2756 passurum.
512 2675 664 2736 ,Erat
704 2694 839 2736 sane
868 2677 1058 2755 prius,
1108 2696 1139 2737 a
1164 2678 1361 2756 paucis
1390 2685 1573 2736 tamen
1613 2675 1978 2736 adclamatum
2020 2684 2208 2737 exe-3

169 2762 306 2820 unti.
348 2759 643 2819 Subiunxit
672 2777 876 2837 preces
901 2759 1245 2840 multumque
1276 2761 1651 2821 lacrimarum:
1687 2761 1818 2834 quin
1845 2759 2011 2816 etiam
2038 2766 2155 2818 tota

80 2844 398 2905 30actione
434 2843 605 2904 homo
646 2847 700 2903 in
742 2844 980 2904 dicendo
1021 2847 1363 2905 exercitatus
1396 2861 1625 2922 operam
1657 2840 1808 2902 dedit
1849 2849 1908 2899 ut
1951 2839 2154 2919 depre-

167 2929 288 2989 cari
315 2929 493 3004 magis
520 2928 608 3006 (id
629 2930 777 2988 enim
805 2937 863 2987 et
889 2927 1248 2989 favorabilius
1279 2936 1337 2987 et
1376 2926 1578 3004 tutius)
1615 2942 1776 3003 quam
1815 2923 2040 2983 defendi
2070 2925 2153 2982 vi-

166 3012 416 3072 deretur.
459 3011 771 3072 Absolutus
799 3021 889 3072 est
916 3015 1192 3072 sententia
1220 3010 1493 3088 designati
1517 3007 1766 3068 consulis
1786 3007 1979 3067 Afrani
2001 3008 2153 3067 Dex·
2170 3016 2206 3069 4

165 3097 261 3173 tri,
297 3096 457 3155 cuius
486 3094 629 3156 haec
658 3112 888 3173 summa,
921 3096 1121 3156 melius
1151 3094 1376 3173 quidem
1396 3092 1746 3152 Nominatum
1773 3091 1951 3151 fuisse
1975 3091 2152 3152 factu-

165 3197 311 3255 rum,
343 3180 392 3238 si
424 3197 646 3240 causam
664 3179 1046 3240 Vicetinorum
1074 3178 1278 3240 eodem
1305 3178 1485 3236 animo
1515 3193 1627 3254 quo
1657 3183 1991 3253 susceperat
2022 3193 2151 3252 per-

13 3296 14 3335 1
77 3273 149 3327 35
164 3261 422 3324 tulisset:
455 3266 584 3341 quia
613 3273 795 3323 tamen
824 3265 880 3322 in
909 3263 1021 3323 hoc
1051 3280 1231 3339 genus
1258 3259 1463 3336 culpae
1494 3276 1606 3318 non
1638 3259 1830 3321 fraude
1859 3258 2153 3319 incidisset

163 3345 421 3424 nihilque
448 3346 672 3423 dignum
701 3346 1178 3408 animadversione
1206 3345 1499 3406 admisisse
1529 3345 1979 3419 convinceretur,
2008 3341 2151 3401 libe-

165 3430 435 3507 randum,
490 3432 565 3490 ita
602 3440 662 3491 ut
701 3431 974 3491 Vicetinis
1014 3429 1166 3507 quod
1193 3436 1494 3507 acceperat
1521 3427 1802 3489 redderet.
1867 3426 2147 3486 Adsense-
2176 3431 2212 3483 5
