2467 3850
339 148 464 211 246
929 109 936 118 ’
1179 147 1245 210 o.
1290 146 1481 212 rum

340 299 487 361 iilius
504 345 523 378 ,
567 299 693 379 hic,
732 311 795 363 ut
831 301 1004 363 frater
1027 299 1328 363 videretur.
1394 300 1479 362 Tu
1517 300 1792 363 sideribus
1820 311 2037 381 patrem
2063 301 2317 380 intulisti,

339 402 455 446 uon
483 384 552 445 ad
580 396 787 447 metum
815 388 1049 463 civium,
1092 403 1203 445 non
1245 389 1303 447 iu
1342 385 1732 447 contumeliam
1759 388 2070 462 numinum,
2114 403 2229 446 uon
2260 388 2320 445 in

340 466 612 550 honorem
642 478 826 548 tuum,
861 470 965 534 sed
992 471 1120 547 quia
1149 469 1316 529 deum
1342 469 1548 532 credis.
1600 468 1782 530 Minus
1810 481 1899 531 est
1927 470 2070 547 hoc,
2103 488 2230 530 cum
2256 470 2320 530 iit

342 554 413 613 ab
457 554 525 612 iis
567 555 661 632 qui
690 565 748 615 et
777 554 1080 616 seseaedeos
1110 562 1321 631 putant.
1385 553 1501 614 Sed
1532 553 1670 614 licet
1697 553 1853 613 illum
1880 556 1989 616 aris
2017 553 2317 632 pulvinari-

341 639 451 698 bus
477 636 698 699 flamine
726 637 916 716 colas,
947 654 1059 697 non
1088 637 1198 697 alio
1227 640 1404 715 magis
1433 647 1616 697 tamen
1645 636 1809 697 deum
1842 648 1899 698 et
1927 638 2069 698 facis
2098 647 2156 696 et
2183 655 2317 716 pro·
2335 636 2365 688 5

342 721 443 781 bas
476 738 640 799 quam
666 723 815 800 quod
843 725 969 801 ipse
996 720 1122 783 talis
1152 741 1237 783 es.
1292 721 1355 782 In
1387 723 1643 801 principe
1675 724 1820 781 enim
1848 723 1942 799 qui
1972 719 2162 781 electo
2187 739 2316 780 suc·

345 822 579 865 cessore
602 805 717 865 fato
740 808 1026 867 concessit
1054 823 1159 865 una
1186 804 1496 885 eademque
1521 806 1830 866 certissima
1852 805 2150 865 divinitatIs
2170 804 2314 865 fides

344 898 435 949 est
479 888 659 949 bonus
700 907 1021 952 successor.
1090 888 1233 949 Num
1279 906 1419 966 ergo
1458 890 1559 950 tibi
1607 906 1681 949 ex
1719 888 2107 949 inmortalitate
2142 890 2316 965 patris

343 971 553 1051 aliquid
580 973 940 1051 adrogantiae
968 970 1258 1034 accessit?
1297 992 1427 1033 num
1453 973 1558 1033 hos
1593 975 1876 1052 proximos
1907 972 2190 1033 divinitate
2218 990 2315 1050 pa·

341 1066 562 1117 rentum
601 1056 828 1119 desides
853 1076 920 1118 ac
951 1056 1229 1136 superbos
1259 1058 1447 1134 potius
1477 1074 1641 1135 quam
1665 1055 1795 1118 illos
1823 1065 2053 1117 veteres
2088 1065 2147 1115 et
2174 1058 2312 1117 anti·
2332 1062 2392 1114 10

343 1158 488 1219 quos
511 1139 849 1202 aemuleris?
883 1143 976 1219 qui
1005 1142 1115 1202 hoc
1147 1143 1333 1220 ipsum
1361 1142 1655 1219 imperium
1689 1187 1702 1200 .
1740 1187 1753 1200 .
1792 1187 1805 1200 .
1840 1182 1856 1199 .

465 1226 623 1286 cuius
662 1224 813 1304 pulsi
850 1225 1135 1304 fugatique
1176 1242 1288 1285 non
1324 1224 1472 1284 aliud
1511 1227 1686 1287 maius
1714 1224 2022 1285 habebatur
2044 1223 2312 1284 iudicium

343 1325 508 1387 quam
526 1311 574 1368 si
590 1309 967 1389 triumpharet.
988 1308 1144 1388 Ergo
1160 1308 1500 1369 sustulerant
1519 1311 1732 1369 animos
1748 1317 1807 1370 et
1827 1310 2015 1385 iugum
2037 1326 2313 1368 excusse·

342 1398 487 1468 rant,
520 1409 630 1451 nec
658 1393 766 1452 iam
791 1393 1082 1453 nobiscum
1107 1392 1178 1453 de
1201 1410 1300 1452 sua
1323 1391 1584 1452 libertate
1607 1391 1710 1453 sed
1735 1391 1807 1453 de
1829 1401 2018 1452 nostra
2038 1393 2312 1452 servitute

345 1475 666 1552 certabant,
697 1494 765 1536 ac
794 1493 866 1535 ne
892 1475 1128 1537 indutias
1156 1476 1380 1554 quidem
1400 1476 1507 1536 nisi
1538 1478 1733 1553 aequis
1763 1475 2174 1536 conditionibus
2210 1476 2311 1534 ini-
2331 1482 2390 1537 15

246 1555 327 1618 12
346 1558 508 1635 bant,
543 1557 820 1638 legesque
847 1569 908 1619 ut
933 1561 1295 1638 acciperent,
1329 1559 1544 1620 dabant.
1589 1561 1666 1620 At
1694 1578 1840 1620 nuuc
1867 1558 2031 1619 rediit
2059 1559 2314 1619 omnibus

342 1652 526 1702 terror
554 1652 612 1702 et
637 1654 819 1704 metus
848 1653 906 1704 et
933 1652 1125 1704 votum
1150 1645 1419 1724 imperata
1457 1643 1718 1704 faciendi.
1787 1642 1991 1704 Vident
2025 1644 2172 1702 enim
2200 1641 2314 1702 Ro-

341 1742 560 1786 manum
598 1726 799 1787 ducem
830 1745 997 1787 unum
1035 1726 1249 1788 exiliis
1278 1727 1567 1787 veteribus
1595 1736 1652 1787 et
1684 1727 1923 1808 priscis,
1982 1727 2183 1804 quibus
2211 1727 2312 1785 im-

339 1812 680 1889 peratorium
708 1829 910 1871 nomen
937 1809 1211 1871 addebant
1243 1813 1489 1871 contecti
1519 1809 1786 1872 caedibus
1816 1812 1996 1887 campi
2025 1819 2084 1870 et
2103 1808 2313 1869 infecta

339 1895 592 1956 victoriis
628 1896 817 1956 maria.
878 1893 1204 1972 Accipimus
1246 1893 1474 1956 obsides
1516 1912 1690 1973 ergo,
1741 1912 1851 1955 non
1882 1896 2150 1971 emimus,
2201 1892 2394 1954 nec20
2457 1911 2459 2019 ι

339 1978 661 2056 ingentibus
703 1978 911 2040 damnis
949 1981 1330 2058 inmensisque
1358 1981 1676 2040 muneribus
1705 1980 2046 2058 paciscimur
2072 1987 2133 2038 ut
2158 1979 2313 2054 vice·

338 2065 526 2122 rimus·
565 2061 819 2141 Rogant,
855 2062 1200 2144 supplicant;
1257 2062 1550 2141 largimur,
1579 2081 1882 2140 negamus,
1911 2072 2207 2141 utrumque
2237 2079 2313 2121 ex

337 2145 555 2224 imperii
585 2149 905 2207 maiestate:
934 2156 1106 2226 agunt
1134 2149 1338 2225 gratias
1368 2149 1463 2226 qui
1491 2148 1933 2225 inpetraverunt3
1965 2162 2075 2206 non
2106 2144 2313 2205 audent

339 2230 499 2307 queri
528 2230 727 2306 quibus
761 2241 1022 2308 negatum
1051 2241 1160 2291 est.
1199 2232 1290 2291 An
1311 2229 1578 2308 audeant,
1610 2232 1702 2309 qui
1731 2231 1907 2292 sciant
1936 2238 1992 2289 te
2018 2228 2310 2290 adsedisse

338 2312 710 2373 ferocissimis
751 2314 977 2392 populis
1023 2333 1096 2375 eo
1125 2318 1254 2393 ipso
1283 2325 1541 2394 tempore
1570 2314 1721 2393 quod
1754 2314 2145 2374 amicissimum
2172 2310 2308 2388 illis,
2326 2316 2392 2370 25

337 2393 719 2455 difficillimum
750 2399 945 2475 nobis,
978 2415 1102 2457 cum
1127 2397 1414 2459 Danubius
1441 2400 1591 2477 ripas
1619 2396 1752 2475 gelu
1773 2399 1950 2474 iungit
1974 2397 2315 2476 duratusque

337 2477 523 2555 glacie
558 2480 802 2555 iugentia
835 2489 998 2558 tergo
1030 2482 1180 2543 bella
1213 2491 1582 2562 transportat,
1628 2499 1753 2540 cum
1784 2481 1940 2541 ferae
1970 2488 2172 2557 gentes
2200 2496 2314 2538 non

339 2560 469 2622 telis
500 2565 676 2640 magis
708 2582 870 2642 quam
900 2583 1005 2625 suo
1041 2565 1236 2644 cae10,
1269 2584 1372 2626 suo
1402 2564 1587 2625 sidere
1617 2561 1929 2625 armantur?
1993 2563 2107 2624 Sed
2135 2563 2230 2622 ubi
2258 2565 2315 2623 in

337 2648 595 2723 proximo
635 2658 726 2723 tu,
779 2666 890 2708 non
919 2667 1087 2711 secus
1118 2668 1186 2710 ac
1210 2652 1257 2709 si
1285 2659 1525 2708 mutatae
1554 2658 1867 2727 temporum
1899 2650 2060 2708 vices
2091 2654 2311 2722 essent,

331 2729 413 2790 illi
450 2731 675 2810 quidem
702 2731 945 2793 latibulis
975 2736 1093 2793 suis
1125 2731 1300 2793 clausi
1332 2734 1691 2801 tenebantur;
1720 2741 1910 2793 nostra
1937 2733 2154 2807 agmina
2183 2738 2392 2808 per-30

333 2832 562 2876 cursare
596 2818 747 2892 ripas
778 2826 835 2876 et
862 2817 1042 2877 aliena
1074 2818 1413 2893 occasione,
1444 2818 1493 2877 si
1526 2818 1914 2894 permitteres,
1943 2817 2023 2875 uti
2050 2814 2312 2891 ultroque

332 2896 574 2957 hiemem
602 2917 756 2959 suam
790 2901 1039 2960 barbaris
1069 2901 1278 2961 inferre
1307 2900 1639 2978 gaudebant.

235 2975 315 3039 13
460 2979 617 3040 Haec
669 2984 771 3043 tibi
834 2984 982 3062 apud
1030 2985 1227 3045 hostes
1277 2985 1589 3044 veneratio.
1666 2981 1814 3056 Quid
1864 2982 2013 3061 apud
2061 2977 2312 3042 milites?

335 3078 498 3137 quam
526 3064 943 3127 admirationem
972 3067 1433 3146 quemadmodum
1463 3063 1823 3144 conparasti?
1856 3084 1982 3125 cum
2013 3076 2203 3126 tecum
2230 3066 2312 3122 in·

334 3140 515 3201 ediam
533 3189 551 3218 ,
596 3155 784 3207 tecum
814 3150 1025 3210 ferrent
1057 3153 1232 3219 sitim;
1268 3153 1477 3211 cum-in
1500 3150 1595 3211 illa
1623 3149 1980 3211 meditatione
2010 3149 2394 3223 campestri&

331 3223 657 3285 militaribus
691 3235 883 3292 turmis
927 3236 1339 3312 imperatorium
1378 3234 1670 3311 pulverem
1701 3232 2075 3311 sudoremque
2105 3233 2311 3291 misce·

332 3324 461 3379 res,
508 3309 755 3385 nihilque
800 3319 1006 3376 ceteris
1046 3319 1152 3376 nisi
1194 3318 1402 3378 robore
1441 3336 1508 3376 ac
1549 3318 1884 3395 praestantia
1914 3316 2101 3393 dispar
2128 3314 2314 3375 libero

332 3385 511 3448 Marte
542 3407 687 3448 nunc
718 3396 930 3455 eminus
958 3398 1070 3458 tela
1104 3397 1341 3460 librares
1367 3419 1515 3461 nunc
1556 3399 1753 3460 librata
1792 3402 2155 3478 susciperes,
2199 3399 2312 3460 ala-
