<?xml version="1.0" encoding="UTF-8"?>
<!DOCTYPE html PUBLIC "-//W3C//DTD XHTML 1.0 Transitional//EN"
    "http://www.w3.org/TR/xhtml1/DTD/xhtml1-transitional.dtd">
<html xmlns="http://www.w3.org/1999/xhtml" xml:lang="en" lang="en">
 <head>
  <title>
</title>
<meta http-equiv="Content-Type" content="text/html;charset=utf-8" />
  <meta name='ocr-system' content='tesseract 3.04.00' />
  <meta name='ocr-capabilities' content='ocr_page ocr_carea ocr_par ocr_line ocrx_word'/>
</head>
<body>
  <div class='ocr_page' id='page_1' title='image "./cplinicaecilise00unkngoog_0321.png"; bbox 0 0 2467 3850; ppageno 0'>
   <div class='ocr_carea' id='block_1_1' title="bbox 700 148 2177 219">
    <p class='ocr_par' dir='ltr' id='par_1_1' title="bbox 700 148 2177 219">
     <span class='ocr_line' id='line_1_1' title="bbox 700 148 2177 219; baseline 0.007 -9"><span class='ocrx_word' id='word_1_1' title='bbox 700 148 1224 212; x_wconf 82' lang='lat' dir='ltr'><strong>PANEGYRICUS</strong></span> <span class='ocrx_word' id='word_1_2' title='bbox 1260 159 1346 216; x_wconf 86' lang='grc'><strong>78.</strong></span> <span class='ocrx_word' id='word_1_3' title='bbox 1373 159 1459 215; x_wconf 86' lang='grc'><strong>79.</strong></span> <span class='ocrx_word' id='word_1_4' title='bbox 1480 161 1567 218; x_wconf 87' lang='grc'><strong>80.</strong></span> <span class='ocrx_word' id='word_1_5' title='bbox 1593 161 1687 217; x_wconf 86' lang='grc'><strong>81.</strong></span> <span class='ocrx_word' id='word_1_6' title='bbox 2051 155 2177 219; x_wconf 77' lang='grc'><strong>289</strong></span> 
     </span>
    </p>
   </div>
   <div class='ocr_carea' id='block_1_2' title="bbox 7 301 2272 3398">
    <p class='ocr_par' dir='ltr' id='par_1_2' title="bbox 123 301 2272 1056">
     <span class='ocr_line' id='line_1_2' title="bbox 182 301 2175 382; baseline 0.002 -20"><span class='ocrx_word' id='word_1_7' title='bbox 182 303 456 382; x_wconf 76' lang='lat' dir='ltr'><strong>sumpsit,</strong></span> <span class='ocrx_word' id='word_1_8' title='bbox 502 311 615 364; x_wconf 89' lang='lat' dir='ltr'><strong>tam</strong></span> <span class='ocrx_word' id='word_1_9' title='bbox 656 301 898 379; x_wconf 84' lang='lat' dir='ltr'><strong>diligens</strong></span> <span class='ocrx_word' id='word_1_10' title='bbox 939 305 1364 381; x_wconf 75' lang='lat' dir='ltr'><strong>temperamenti</strong></span> <span class='ocrx_word' id='word_1_11' title='bbox 1403 314 1464 364; x_wconf 91' lang='lat' dir='ltr'><strong>ut</strong></span> <span class='ocrx_word' id='word_1_12' title='bbox 1500 322 1611 365; x_wconf 89' lang='lat' dir='ltr'><strong>nec</strong></span> <span class='ocrx_word' id='word_1_13' title='bbox 1646 307 1897 366; x_wconf 89' lang='lat' dir='ltr'><strong>consulis</strong></span> <span class='ocrx_word' id='word_1_14' title='bbox 1926 305 2175 366; x_wconf 84' lang='lat' dir='ltr'><strong>officium</strong></span> 
     </span>
     <span class='ocr_line' id='line_1_3' title="bbox 181 385 2173 468; baseline 0.003 -22"><span class='ocrx_word' id='word_1_15' title='bbox 181 390 453 466; x_wconf 88' lang='lat' dir='ltr'><strong>princeps</strong></span> <span class='ocrx_word' id='word_1_16' title='bbox 495 405 604 446; x_wconf 86' lang='lat' dir='ltr'><strong>neo</strong></span> <span class='ocrx_word' id='word_1_17' title='bbox 643 387 917 464; x_wconf 86' lang='lat' dir='ltr'><strong>principis</strong></span> <span class='ocrx_word' id='word_1_18' title='bbox 960 385 1159 446; x_wconf 90' lang='lat' dir='ltr'><strong>consul</strong></span> <span class='ocrx_word' id='word_1_19' title='bbox 1188 386 1504 463; x_wconf 80' lang='lat' dir='ltr'><strong>adpeteret.</strong></span> <span class='ocrx_word' id='word_1_20' title='bbox 1561 388 1830 449; x_wconf 79' lang='lat' dir='ltr'><strong>Videmus</strong></span> <span class='ocrx_word' id='word_1_21' title='bbox 1860 400 1919 449; x_wconf 89' lang='lat' dir='ltr'><strong>ut</strong></span> <span class='ocrx_word' id='word_1_22' title='bbox 1947 393 2173 468; x_wconf 86' lang='lat' dir='ltr'><strong>provin·</strong></span> 
     </span>
     <span class='ocr_line' id='line_1_4' title="bbox 182 468 2174 551; baseline 0.002 -20"><span class='ocrx_word' id='word_1_23' title='bbox 182 473 391 531; x_wconf 86' lang='lat' dir='ltr'><strong>ciarum</strong></span> <span class='ocrx_word' id='word_1_24' title='bbox 421 470 716 531; x_wconf 83' lang='lat' dir='ltr'><strong>desideriis</strong></span> <span class='ocrx_word' id='word_1_25' title='bbox 734 515 751 546; x_wconf 91' lang='lat'><strong>,</strong></span> <span class='ocrx_word' id='word_1_26' title='bbox 795 479 854 530; x_wconf 90' lang='lat' dir='ltr'><strong>ut</strong></span> <span class='ocrx_word' id='word_1_27' title='bbox 884 468 1230 547; x_wconf 86' lang='lat' dir='ltr'><strong>singularum</strong></span> <span class='ocrx_word' id='word_1_28' title='bbox 1261 473 1428 530; x_wconf 88' lang='lat' dir='ltr'><strong>etiam</strong></span> <span class='ocrx_word' id='word_1_29' title='bbox 1459 473 1742 535; x_wconf 86' lang='lat' dir='ltr'><strong>civitatum</strong></span> <span class='ocrx_word' id='word_1_30' title='bbox 1772 473 2040 551; x_wconf 82' lang='lat' dir='ltr'><strong>precibus</strong></span> <span class='ocrx_word' id='word_1_31' title='bbox 2076 491 2174 535; x_wconf 88' lang='lat' dir='ltr'><strong>oc·</strong></span> 
     </span>
     <span class='ocr_line' id='line_1_5' title="bbox 182 552 2169 635; baseline 0.002 -20"><span class='ocrx_word' id='word_1_32' title='bbox 182 564 390 616; x_wconf 89' lang='lat' dir='ltr'><strong>currat.</strong></span> <span class='ocrx_word' id='word_1_33' title='bbox 413 553 581 614; x_wconf 89' lang='lat' dir='ltr'><strong>Nulla</strong></span> <span class='ocrx_word' id='word_1_34' title='bbox 608 555 664 612; x_wconf 91' lang='lat' dir='ltr'><strong>in</strong></span> <span class='ocrx_word' id='word_1_35' title='bbox 692 553 970 618; x_wconf 87' lang='lat' dir='ltr'><strong>audiendo</strong></span> <span class='ocrx_word' id='word_1_36' title='bbox 1001 552 1325 630; x_wconf 86' lang='lat' dir='ltr'><strong>difficultas,</strong></span> <span class='ocrx_word' id='word_1_37' title='bbox 1357 553 1510 614; x_wconf 89' lang='lat' dir='ltr'><strong>nulla</strong></span> <span class='ocrx_word' id='word_1_38' title='bbox 1540 557 1597 616; x_wconf 89' lang='lat' dir='ltr'><strong>in</strong></span> <span class='ocrx_word' id='word_1_39' title='bbox 1626 556 2028 635; x_wconf 89' lang='lat' dir='ltr'><strong>respondendo</strong></span> <span class='ocrx_word' id='word_1_40' title='bbox 2049 575 2169 618; x_wconf 89' lang='lat' dir='ltr'><strong>mo·</strong></span> 
     </span>
     <span class='ocr_line' id='line_1_6' title="bbox 123 637 2170 721; baseline 0 -20"><span class='ocrx_word' id='word_1_41' title='bbox 123 650 267 701; x_wconf 85' lang='lat' dir='ltr'><strong>5ra:</strong></span> <span class='ocrx_word' id='word_1_42' title='bbox 297 638 505 698; x_wconf 88' lang='lat' dir='ltr'><strong>adeunt</strong></span> <span class='ocrx_word' id='word_1_43' title='bbox 533 639 750 712; x_wconf 87' lang='lat' dir='ltr'><strong>statim,</strong></span> <span class='ocrx_word' id='word_1_44' title='bbox 781 637 1128 699; x_wconf 89' lang='lat' dir='ltr'><strong>dimittuntur</strong></span> <span class='ocrx_word' id='word_1_45' title='bbox 1155 639 1372 706; x_wconf 85' lang='lat' dir='ltr'><strong>statim;</strong></span> <span class='ocrx_word' id='word_1_46' title='bbox 1416 638 1750 719; x_wconf 83' lang='lat' dir='ltr'><strong>tandemque</strong></span> <span class='ocrx_word' id='word_1_47' title='bbox 1780 643 2054 721; x_wconf 88' lang='lat' dir='ltr'><strong>principis</strong></span> <span class='ocrx_word' id='word_1_48' title='bbox 2087 642 2170 702; x_wconf 81' lang='lat' dir='ltr'><strong>fo-</strong></span> 
     </span>
     <span class='ocr_line' id='line_1_7' title="bbox 179 720 2272 801; baseline 0.002 -19"><span class='ocrx_word' id='word_1_49' title='bbox 179 743 276 783; x_wconf 88' lang='lat' dir='ltr'><strong>res</strong></span> <span class='ocrx_word' id='word_1_50' title='bbox 306 720 542 782; x_wconf 89' lang='lat' dir='ltr'><strong>exclusa</strong></span> <span class='ocrx_word' id='word_1_51' title='bbox 583 722 927 799; x_wconf 81' lang='lat' dir='ltr'><strong>legationum</strong></span> <span class='ocrx_word' id='word_1_52' title='bbox 959 722 1121 781; x_wconf 85' lang='lat' dir='ltr'><strong>turba</strong></span> <span class='ocrx_word' id='word_1_53' title='bbox 1143 739 1256 781; x_wconf 90' lang='lat' dir='ltr'><strong>non</strong></span> <span class='ocrx_word' id='word_1_54' title='bbox 1286 721 1531 782; x_wconf 86' lang='lat' dir='ltr'><strong>obsidet.</strong></span> <span class='ocrx_word' id='word_1_55' title='bbox 1594 722 1782 797; x_wconf 84' lang='lat' dir='ltr'><strong>Quid?</strong></span> <span class='ocrx_word' id='word_1_56' title='bbox 1826 727 1883 785; x_wconf 89' lang='lat' dir='ltr'><strong>in</strong></span> <span class='ocrx_word' id='word_1_57' title='bbox 1913 727 2169 788; x_wconf 88' lang='lat' dir='ltr'><strong>omnihus</strong></span> <span class='ocrx_word' id='word_1_58' title='bbox 2189 736 2272 801; x_wconf 77' lang='lat'><strong>80</strong></span> 
     </span>
     <span class='ocr_line' id='line_1_8' title="bbox 183 806 2168 884; baseline 0.002 -17"><span class='ocrx_word' id='word_1_59' title='bbox 183 806 605 884; x_wconf 83' lang='lat' dir='ltr'><strong>cognitionibus</strong></span> <span class='ocrx_word' id='word_1_60' title='bbox 637 823 800 884; x_wconf 86' lang='lat' dir='ltr'><strong>quam</strong></span> <span class='ocrx_word' id='word_1_61' title='bbox 832 807 981 866; x_wconf 89' lang='lat' dir='ltr'><strong>mitis</strong></span> <span class='ocrx_word' id='word_1_62' title='bbox 1024 806 1337 882; x_wconf 76' lang='lat' dir='ltr'><strong>severitaS,</strong></span> <span class='ocrx_word' id='word_1_63' title='bbox 1391 824 1554 884; x_wconf 89' lang='lat' dir='ltr'><strong>quam</strong></span> <span class='ocrx_word' id='word_1_64' title='bbox 1591 825 1703 867; x_wconf 90' lang='lat' dir='ltr'><strong>non</strong></span> <span class='ocrx_word' id='word_1_65' title='bbox 1743 808 2015 871; x_wconf 87' lang='lat' dir='ltr'><strong>dissoluta</strong></span> <span class='ocrx_word' id='word_1_66' title='bbox 2049 809 2168 870; x_wconf 87' lang='lat' dir='ltr'><strong>cle·</strong></span> 
     </span>
     <span class='ocr_line' id='line_1_9' title="bbox 179 888 2167 966; baseline 0.002 -17"><span class='ocrx_word' id='word_1_67' title='bbox 179 889 413 950; x_wconf 85' lang='lat' dir='ltr'><strong>mentia!</strong></span> <span class='ocrx_word' id='word_1_68' title='bbox 466 888 595 949; x_wconf 89' lang='lat' dir='ltr'><strong>Non</strong></span> <span class='ocrx_word' id='word_1_69' title='bbox 623 888 1026 966; x_wconf 89' lang='lat' dir='ltr'><strong>locupletando</strong></span> <span class='ocrx_word' id='word_1_70' title='bbox 1059 890 1201 949; x_wconf 87' lang='lat' dir='ltr'><strong>fisco</strong></span> <span class='ocrx_word' id='word_1_71' title='bbox 1244 889 1452 966; x_wconf 89' lang='lat' dir='ltr'><strong>sedes,</strong></span> <span class='ocrx_word' id='word_1_72' title='bbox 1494 910 1606 951; x_wconf 87' lang='lat' dir='ltr'><strong>nec</strong></span> <span class='ocrx_word' id='word_1_73' title='bbox 1637 892 1787 953; x_wconf 85' lang='lat' dir='ltr'><strong>aliud</strong></span> <span class='ocrx_word' id='word_1_74' title='bbox 1813 894 1913 953; x_wconf 89' lang='lat' dir='ltr'><strong>tibi</strong></span> <span class='ocrx_word' id='word_1_75' title='bbox 1943 902 2167 954; x_wconf 89' lang='lat' dir='ltr'><strong>senten·</strong></span> 
     </span>
     <span class='ocr_line' id='line_1_10' title="bbox 177 974 2167 1056; baseline 0.002 -23"><span class='ocrx_word' id='word_1_76' title='bbox 177 976 291 1034; x_wconf 83' lang='lat' dir='ltr'><strong>tiae</strong></span> <span class='ocrx_word' id='word_1_77' title='bbox 324 983 452 1033; x_wconf 89' lang='lat' dir='ltr'><strong>tuae</strong></span> <span class='ocrx_word' id='word_1_78' title='bbox 480 975 718 1051; x_wconf 89' lang='lat' dir='ltr'><strong>pretium</strong></span> <span class='ocrx_word' id='word_1_79' title='bbox 748 990 912 1051; x_wconf 88' lang='lat' dir='ltr'><strong>quam</strong></span> <span class='ocrx_word' id='word_1_80' title='bbox 944 974 1092 1033; x_wconf 88' lang='lat' dir='ltr'><strong>bene</strong></span> <span class='ocrx_word' id='word_1_81' title='bbox 1127 974 1432 1033; x_wconf 88' lang='lat' dir='ltr'><strong>iudicasse.</strong></span> <span class='ocrx_word' id='word_1_82' title='bbox 1489 974 1649 1035; x_wconf 83' lang='lat' dir='ltr'><strong>Stant</strong></span> <span class='ocrx_word' id='word_1_83' title='bbox 1675 986 1802 1037; x_wconf 86' lang='lat' dir='ltr'><strong>ante</strong></span> <span class='ocrx_word' id='word_1_84' title='bbox 1834 986 1892 1035; x_wconf 92' lang='lat' dir='ltr'><strong>te</strong></span> <span class='ocrx_word' id='word_1_85' title='bbox 1925 977 2167 1056; x_wconf 85' lang='lat' dir='ltr'><strong>litigato-</strong></span> 
     </span>
    </p>

    <p class='ocr_par' dir='ltr' id='par_1_3' title="bbox 85 1057 2169 1559">
     <span class='ocr_line' id='line_1_11' title="bbox 85 1057 2169 1137; baseline 0 -16"><span class='ocrx_word' id='word_1_86' title='bbox 85 1070 164 1122; x_wconf 86' lang='lat'><strong>10</strong></span> <span class='ocrx_word' id='word_1_87' title='bbox 177 1076 275 1118; x_wconf 89' lang='lat' dir='ltr'><strong>res</strong></span> <span class='ocrx_word' id='word_1_88' title='bbox 302 1075 413 1117; x_wconf 92' lang='lat' dir='ltr'><strong>non</strong></span> <span class='ocrx_word' id='word_1_89' title='bbox 436 1057 507 1117; x_wconf 90' lang='lat' dir='ltr'><strong>de</strong></span> <span class='ocrx_word' id='word_1_90' title='bbox 537 1057 773 1117; x_wconf 84' lang='lat' dir='ltr'><strong>fortunis</strong></span> <span class='ocrx_word' id='word_1_91' title='bbox 803 1059 942 1134; x_wconf 85' lang='lat' dir='ltr'><strong>suis,</strong></span> <span class='ocrx_word' id='word_1_92' title='bbox 973 1058 1077 1116; x_wconf 88' lang='lat' dir='ltr'><strong>sed</strong></span> <span class='ocrx_word' id='word_1_93' title='bbox 1107 1057 1179 1117; x_wconf 90' lang='lat' dir='ltr'><strong>de</strong></span> <span class='ocrx_word' id='word_1_94' title='bbox 1209 1067 1304 1117; x_wconf 88' lang='lat' dir='ltr'><strong>tua</strong></span> <span class='ocrx_word' id='word_1_95' title='bbox 1338 1060 1746 1121; x_wconf 82' lang='lat' dir='ltr'><strong>existimatione</strong></span> <span class='ocrx_word' id='word_1_96' title='bbox 1776 1059 2028 1137; x_wconf 80' lang='lat' dir='ltr'><strong>solliciti,</strong></span> <span class='ocrx_word' id='word_1_97' title='bbox 2057 1080 2169 1121; x_wconf 91' lang='lat' dir='ltr'><strong>nec</strong></span> 
     </span>
     <span class='ocr_line' id='line_1_12' title="bbox 179 1140 2166 1220; baseline 0.002 -20"><span class='ocrx_word' id='word_1_98' title='bbox 179 1151 291 1200; x_wconf 89' lang='lat' dir='ltr'><strong>tam</strong></span> <span class='ocrx_word' id='word_1_99' title='bbox 318 1151 585 1201; x_wconf 84' lang='lat' dir='ltr'><strong>verentur</strong></span> <span class='ocrx_word' id='word_1_100' title='bbox 617 1140 750 1219; x_wconf 90' lang='lat' dir='ltr'><strong>quid</strong></span> <span class='ocrx_word' id='word_1_101' title='bbox 779 1140 850 1200; x_wconf 90' lang='lat' dir='ltr'><strong>de</strong></span> <span class='ocrx_word' id='word_1_102' title='bbox 883 1159 1053 1202; x_wconf 88' lang='lat' dir='ltr'><strong>causa</strong></span> <span class='ocrx_word' id='word_1_103' title='bbox 1082 1160 1183 1202; x_wconf 89' lang='lat' dir='ltr'><strong>sua</strong></span> <span class='ocrx_word' id='word_1_104' title='bbox 1208 1160 1373 1220; x_wconf 90' lang='lat' dir='ltr'><strong>quam</strong></span> <span class='ocrx_word' id='word_1_105' title='bbox 1402 1142 1534 1220; x_wconf 90' lang='lat' dir='ltr'><strong>quid</strong></span> <span class='ocrx_word' id='word_1_106' title='bbox 1557 1142 1629 1203; x_wconf 92' lang='lat' dir='ltr'><strong>de</strong></span> <span class='ocrx_word' id='word_1_107' title='bbox 1656 1146 1904 1205; x_wconf 89' lang='lat' dir='ltr'><strong>moribus</strong></span> <span class='ocrx_word' id='word_1_108' title='bbox 1935 1147 2166 1206; x_wconf 90' lang='lat' dir='ltr'><strong>sentias.</strong></span> 
     </span>
     <span class='ocr_line' id='line_1_13' title="bbox 180 1225 2167 1303; baseline 0.002 -18"><span class='ocrx_word' id='word_1_109' title='bbox 180 1225 231 1285; x_wconf 90' lang='grc' dir='ltr'><strong>Ο</strong></span> <span class='ocrx_word' id='word_1_110' title='bbox 269 1243 408 1285; x_wconf 84' lang='lat' dir='ltr'><strong>vere</strong></span> <span class='ocrx_word' id='word_1_111' title='bbox 455 1227 728 1303; x_wconf 88' lang='lat' dir='ltr'><strong>principis</strong></span> <span class='ocrx_word' id='word_1_112' title='bbox 769 1234 936 1303; x_wconf 90' lang='lat' dir='ltr'><strong>atque</strong></span> <span class='ocrx_word' id='word_1_113' title='bbox 967 1227 1134 1285; x_wconf 90' lang='lat' dir='ltr'><strong>etiam</strong></span> <span class='ocrx_word' id='word_1_114' title='bbox 1173 1226 1458 1301; x_wconf 78' lang='lat' dir='ltr'><strong>consuliS,</strong></span> <span class='ocrx_word' id='word_1_115' title='bbox 1511 1229 1886 1289; x_wconf 88' lang='lat' dir='ltr'><strong>reconciliare</strong></span> <span class='ocrx_word' id='word_1_116' title='bbox 1913 1228 2167 1289; x_wconf 89' lang='lat' dir='ltr'><strong>aemulas</strong></span> 
     </span>
     <span class='ocr_line' id='line_1_14' title="bbox 179 1310 2166 1391; baseline 0.002 -23"><span class='ocrx_word' id='word_1_117' title='bbox 179 1310 471 1385; x_wconf 85' lang='lat' dir='ltr'><strong>civitates,</strong></span> <span class='ocrx_word' id='word_1_118' title='bbox 520 1316 913 1388; x_wconf 88' lang='lat' dir='ltr'><strong>tumentesque</strong></span> <span class='ocrx_word' id='word_1_119' title='bbox 956 1310 1203 1388; x_wconf 88' lang='lat' dir='ltr'><strong>populos</strong></span> <span class='ocrx_word' id='word_1_120' title='bbox 1246 1327 1357 1369; x_wconf 91' lang='lat' dir='ltr'><strong>non</strong></span> <span class='ocrx_word' id='word_1_121' title='bbox 1394 1313 1632 1389; x_wconf 86' lang='lat' dir='ltr'><strong>imperio</strong></span> <span class='ocrx_word' id='word_1_122' title='bbox 1671 1315 1852 1389; x_wconf 89' lang='lat' dir='ltr'><strong>magis</strong></span> <span class='ocrx_word' id='word_1_123' title='bbox 1885 1330 2047 1391; x_wconf 88' lang='lat' dir='ltr'><strong>quam</strong></span> <span class='ocrx_word' id='word_1_124' title='bbox 2080 1331 2166 1372; x_wconf 90' lang='lat' dir='ltr'><strong>ra·</strong></span> 
     </span>
     <span class='ocr_line' id='line_1_15' title="bbox 177 1393 2164 1475; baseline 0.002 -23"><span class='ocrx_word' id='word_1_125' title='bbox 177 1395 332 1454; x_wconf 91' lang='lat' dir='ltr'><strong>tione</strong></span> <span class='ocrx_word' id='word_1_126' title='bbox 366 1409 753 1471; x_wconf 86' lang='lat' dir='ltr'><strong>conpescere;</strong></span> <span class='ocrx_word' id='word_1_127' title='bbox 788 1393 1144 1454; x_wconf 82' lang='lat' dir='ltr'><strong>intercedere</strong></span> <span class='ocrx_word' id='word_1_128' title='bbox 1173 1396 1558 1472; x_wconf 87' lang='lat' dir='ltr'><strong>iniquitatibus</strong></span> <span class='ocrx_word' id='word_1_129' title='bbox 1586 1398 2040 1475; x_wconf 81' lang='lat' dir='ltr'><strong>magistratuum,</strong></span> <span class='ocrx_word' id='word_1_130' title='bbox 2084 1399 2164 1455; x_wconf 90' lang='lat' dir='ltr'><strong>in-</strong></span> 
     </span>
     <span class='ocr_line' id='line_1_16' title="bbox 86 1475 2166 1559; baseline -0.001 -18"><span class='ocrx_word' id='word_1_131' title='bbox 86 1490 161 1541; x_wconf 84' lang='lat'><strong>15</strong></span> <span class='ocrx_word' id='word_1_132' title='bbox 178 1478 506 1555; x_wconf 83' lang='lat' dir='ltr'><strong>fectumque</strong></span> <span class='ocrx_word' id='word_1_133' title='bbox 559 1475 802 1536; x_wconf 87' lang='lat' dir='ltr'><strong>reddere</strong></span> <span class='ocrx_word' id='word_1_134' title='bbox 843 1476 1111 1555; x_wconf 88' lang='lat' dir='ltr'><strong>quidquid</strong></span> <span class='ocrx_word' id='word_1_135' title='bbox 1154 1478 1276 1536; x_wconf 84' lang='lat' dir='ltr'><strong>fieri</strong></span> <span class='ocrx_word' id='word_1_136' title='bbox 1315 1495 1430 1537; x_wconf 91' lang='lat' dir='ltr'><strong>non</strong></span> <span class='ocrx_word' id='word_1_137' title='bbox 1479 1483 1818 1557; x_wconf 88' lang='lat' dir='ltr'><strong>oportuerit;</strong></span> <span class='ocrx_word' id='word_1_138' title='bbox 1876 1490 2166 1559; x_wconf 89' lang='lat' dir='ltr'><strong>postremo</strong></span> 
     </span>
    </p>

    <p class='ocr_par' dir='ltr' id='par_1_4' title="bbox 7 1559 2167 1889">
     <span class='ocr_line' id='line_1_17' title="bbox 7 1559 2165 1640; baseline 0.001 -20"><span class='ocrx_word' id='word_1_139' title='bbox 7 1559 12 1564; x_wconf 81' lang='lat'>&#39;</span> <span class='ocrx_word' id='word_1_140' title='bbox 176 1560 524 1621; x_wconf 86' lang='lat' dir='ltr'><strong>velocissimi</strong></span> <span class='ocrx_word' id='word_1_141' title='bbox 554 1559 756 1620; x_wconf 89' lang='lat' dir='ltr'><strong>sideris</strong></span> <span class='ocrx_word' id='word_1_142' title='bbox 785 1576 944 1619; x_wconf 89' lang='lat' dir='ltr'><strong>more</strong></span> <span class='ocrx_word' id='word_1_143' title='bbox 976 1562 1155 1619; x_wconf 89' lang='lat' dir='ltr'><strong>omnia</strong></span> <span class='ocrx_word' id='word_1_144' title='bbox 1187 1563 1436 1620; x_wconf 85' lang='lat' dir='ltr'><strong>invisere</strong></span> <span class='ocrx_word' id='word_1_145' title='bbox 1454 1607 1472 1636; x_wconf 88' lang='lat'><strong>,</strong></span> <span class='ocrx_word' id='word_1_146' title='bbox 1515 1566 1696 1622; x_wconf 90' lang='lat' dir='ltr'><strong>omnia</strong></span> <span class='ocrx_word' id='word_1_147' title='bbox 1723 1565 1949 1640; x_wconf 89' lang='lat' dir='ltr'><strong>audire,</strong></span> <span class='ocrx_word' id='word_1_148' title='bbox 1981 1574 2040 1624; x_wconf 89' lang='lat' dir='ltr'><strong>et</strong></span> <span class='ocrx_word' id='word_1_149' title='bbox 2066 1582 2165 1623; x_wconf 87' lang='lat' dir='ltr'><strong>un-</strong></span> 
     </span>
     <span class='ocr_line' id='line_1_18' title="bbox 175 1644 2164 1722; baseline 0.002 -18"><span class='ocrx_word' id='word_1_150' title='bbox 175 1644 494 1722; x_wconf 88' lang='lat' dir='ltr'><strong>decumque</strong></span> <span class='ocrx_word' id='word_1_151' title='bbox 534 1647 851 1704; x_wconf 88' lang='lat' dir='ltr'><strong>invocatum</strong></span> <span class='ocrx_word' id='word_1_152' title='bbox 880 1645 1098 1720; x_wconf 89' lang='lat' dir='ltr'><strong>statim,</strong></span> <span class='ocrx_word' id='word_1_153' title='bbox 1139 1644 1301 1703; x_wconf 87' lang='lat' dir='ltr'><strong>velut</strong></span> <span class='ocrx_word' id='word_1_154' title='bbox 1326 1646 1814 1720; x_wconf 81' lang='lat' dir='ltr'><strong>numen,.adesse</strong></span> <span class='ocrx_word' id='word_1_155' title='bbox 1843 1657 1901 1707; x_wconf 92' lang='lat' dir='ltr'><strong>et</strong></span> <span class='ocrx_word' id='word_1_156' title='bbox 1929 1648 2164 1708; x_wconf 88' lang='lat' dir='ltr'><strong>adsiste-</strong></span> 
     </span>
     <span class='ocr_line' id='line_1_19' title="bbox 173 1726 2167 1808; baseline 0.001 -21"><span class='ocrx_word' id='word_1_157' title='bbox 173 1727 268 1787; x_wconf 83' lang='lat' dir='ltr'><strong>re!</strong></span> <span class='ocrx_word' id='word_1_158' title='bbox 326 1727 480 1788; x_wconf 85' lang='lat' dir='ltr'><strong>Talia</strong></span> <span class='ocrx_word' id='word_1_159' title='bbox 516 1746 649 1787; x_wconf 89' lang='lat' dir='ltr'><strong>esse</strong></span> <span class='ocrx_word' id='word_1_160' title='bbox 693 1726 1027 1786; x_wconf 88' lang='lat' dir='ltr'><strong>crediderim</strong></span> <span class='ocrx_word' id='word_1_161' title='bbox 1064 1744 1210 1805; x_wconf 90' lang='lat' dir='ltr'><strong>quae</strong></span> <span class='ocrx_word' id='word_1_162' title='bbox 1250 1729 1378 1806; x_wconf 89' lang='lat' dir='ltr'><strong>ipse</strong></span> <span class='ocrx_word' id='word_1_163' title='bbox 1424 1728 1609 1787; x_wconf 90' lang='lat' dir='ltr'><strong>mundi</strong></span> <span class='ocrx_word' id='word_1_164' title='bbox 1644 1747 1849 1808; x_wconf 89' lang='lat' dir='ltr'><strong>parens</strong></span> <span class='ocrx_word' id='word_1_165' title='bbox 1891 1738 2167 1808; x_wconf 82' lang='lat' dir='ltr'><strong>temperat</strong></span> 
     </span>
     <span class='ocr_line' id='line_1_20' title="bbox 174 1809 2167 1889; baseline 0.001 -19"><span class='ocrx_word' id='word_1_166' title='bbox 174 1821 344 1887; x_wconf 90' lang='lat' dir='ltr'><strong>nutu,</strong></span> <span class='ocrx_word' id='word_1_167' title='bbox 390 1813 439 1872; x_wconf 89' lang='lat' dir='ltr'><strong>si</strong></span> <span class='ocrx_word' id='word_1_168' title='bbox 477 1811 698 1889; x_wconf 91' lang='lat' dir='ltr'><strong>quando</strong></span> <span class='ocrx_word' id='word_1_169' title='bbox 736 1809 938 1872; x_wconf 91' lang='lat' dir='ltr'><strong>oculos</strong></span> <span class='ocrx_word' id='word_1_170' title='bbox 969 1810 1192 1871; x_wconf 86' lang='lat' dir='ltr'><strong>demisit</strong></span> <span class='ocrx_word' id='word_1_171' title='bbox 1221 1813 1280 1871; x_wconf 90' lang='lat' dir='ltr'><strong>in</strong></span> <span class='ocrx_word' id='word_1_172' title='bbox 1309 1820 1489 1871; x_wconf 89' lang='lat' dir='ltr'><strong>terras</strong></span> <span class='ocrx_word' id='word_1_173' title='bbox 1519 1821 1577 1871; x_wconf 91' lang='lat' dir='ltr'><strong>et</strong></span> <span class='ocrx_word' id='word_1_174' title='bbox 1606 1811 1720 1872; x_wconf 90' lang='lat' dir='ltr'><strong>fata</strong></span> <span class='ocrx_word' id='word_1_175' title='bbox 1746 1812 2055 1872; x_wconf 88' lang='lat' dir='ltr'><strong>mortalium</strong></span> <span class='ocrx_word' id='word_1_176' title='bbox 2085 1814 2167 1871; x_wconf 91' lang='lat' dir='ltr'><strong>in-</strong></span> 
     </span>
    </p>

    <p class='ocr_par' dir='ltr' id='par_1_5' title="bbox 80 1894 2166 2306">
     <span class='ocr_line' id='line_1_21' title="bbox 80 1894 2166 1975; baseline -0 -19"><span class='ocrx_word' id='word_1_177' title='bbox 80 1905 266 1964; x_wconf 76' lang='lat' dir='ltr'><strong>20ter</strong></span> <span class='ocrx_word' id='word_1_178' title='bbox 304 1895 486 1957; x_wconf 84' lang='lat' dir='ltr'><strong>divina</strong></span> <span class='ocrx_word' id='word_1_179' title='bbox 528 1912 703 1975; x_wconf 88' lang='lat' dir='ltr'><strong>opera</strong></span> <span class='ocrx_word' id='word_1_180' title='bbox 743 1911 1035 1955; x_wconf 85' lang='lat' dir='ltr'><strong>numerare</strong></span> <span class='ocrx_word' id='word_1_181' title='bbox 1065 1894 1324 1972; x_wconf 89' lang='lat' dir='ltr'><strong>dignatus</strong></span> <span class='ocrx_word' id='word_1_182' title='bbox 1355 1904 1472 1955; x_wconf 89' lang='lat' dir='ltr'><strong>est:</strong></span> <span class='ocrx_word' id='word_1_183' title='bbox 1518 1914 1626 1974; x_wconf 90' lang='lat' dir='ltr'><strong>qua</strong></span> <span class='ocrx_word' id='word_1_184' title='bbox 1656 1914 1803 1958; x_wconf 90' lang='lat' dir='ltr'><strong>nunc</strong></span> <span class='ocrx_word' id='word_1_185' title='bbox 1832 1905 1991 1975; x_wconf 86' lang='lat' dir='ltr'><strong>parte</strong></span> <span class='ocrx_word' id='word_1_186' title='bbox 2022 1896 2166 1956; x_wconf 91' lang='lat' dir='ltr'><strong>liber</strong></span> 
     </span>
     <span class='ocr_line' id='line_1_22' title="bbox 173 1977 2165 2058; baseline -0.001 -18"><span class='ocrx_word' id='word_1_187' title='bbox 173 1979 543 2058; x_wconf 89' lang='lat' dir='ltr'><strong>solutusque,</strong></span> <span class='ocrx_word' id='word_1_188' title='bbox 575 1988 784 2039; x_wconf 88' lang='lat' dir='ltr'><strong>tantum</strong></span> <span class='ocrx_word' id='word_1_189' title='bbox 818 1977 980 2038; x_wconf 91' lang='lat' dir='ltr'><strong>caelo</strong></span> <span class='ocrx_word' id='word_1_190' title='bbox 1011 1989 1202 2056; x_wconf 84' lang='lat' dir='ltr'><strong>vacat,</strong></span> <span class='ocrx_word' id='word_1_191' title='bbox 1251 1989 1550 2058; x_wconf 87' lang='lat' dir='ltr'><strong>postquam</strong></span> <span class='ocrx_word' id='word_1_192' title='bbox 1578 1990 1636 2040; x_wconf 91' lang='lat' dir='ltr'><strong>te</strong></span> <span class='ocrx_word' id='word_1_193' title='bbox 1668 1981 1855 2057; x_wconf 89' lang='lat' dir='ltr'><strong>dedit,</strong></span> <span class='ocrx_word' id='word_1_194' title='bbox 1901 1982 1996 2058; x_wconf 90' lang='lat' dir='ltr'><strong>qui</strong></span> <span class='ocrx_word' id='word_1_195' title='bbox 2029 1998 2165 2056; x_wconf 86' lang='lat' dir='ltr'><strong>erga</strong></span> 
     </span>
     <span class='ocr_line' id='line_1_23' title="bbox 172 2063 2165 2141; baseline -0.003 -17"><span class='ocrx_word' id='word_1_196' title='bbox 172 2082 341 2125; x_wconf 86' lang='lat' dir='ltr'><strong>omne</strong></span> <span class='ocrx_word' id='word_1_197' title='bbox 384 2064 665 2124; x_wconf 89' lang='lat' dir='ltr'><strong>hominum</strong></span> <span class='ocrx_word' id='word_1_198' title='bbox 715 2080 896 2140; x_wconf 90' lang='lat' dir='ltr'><strong>genus</strong></span> <span class='ocrx_word' id='word_1_199' title='bbox 946 2064 1076 2122; x_wconf 87' lang='lat' dir='ltr'><strong>vice</strong></span> <span class='ocrx_word' id='word_1_200' title='bbox 1129 2081 1231 2122; x_wconf 86' lang='lat' dir='ltr'><strong>sua</strong></span> <span class='ocrx_word' id='word_1_201' title='bbox 1283 2063 1621 2141; x_wconf 90' lang='lat' dir='ltr'><strong>fungereris.</strong></span> <span class='ocrx_word' id='word_1_202' title='bbox 1699 2063 1975 2140; x_wconf 89' lang='lat' dir='ltr'><strong>Fungeris</strong></span> <span class='ocrx_word' id='word_1_203' title='bbox 2019 2066 2165 2123; x_wconf 89' lang='lat' dir='ltr'><strong>enim</strong></span> 
     </span>
     <span class='ocr_line' id='line_1_24' title="bbox 170 2145 2163 2224; baseline -0.003 -14"><span class='ocrx_word' id='word_1_204' title='bbox 170 2147 505 2224; x_wconf 84' lang='lat' dir='ltr'><strong>sufficisque</strong></span> <span class='ocrx_word' id='word_1_205' title='bbox 530 2145 835 2223; x_wconf 86' lang='lat' dir='ltr'><strong>mandanti,</strong></span> <span class='ocrx_word' id='word_1_206' title='bbox 882 2164 1007 2206; x_wconf 91' lang='lat' dir='ltr'><strong>cum</strong></span> <span class='ocrx_word' id='word_1_207' title='bbox 1036 2146 1134 2206; x_wconf 87' lang='lat' dir='ltr'><strong>tibi</strong></span> <span class='ocrx_word' id='word_1_208' title='bbox 1166 2147 1290 2207; x_wconf 90' lang='lat' dir='ltr'><strong>dies</strong></span> <span class='ocrx_word' id='word_1_209' title='bbox 1320 2149 1498 2207; x_wconf 89' lang='lat' dir='ltr'><strong>omnis</strong></span> <span class='ocrx_word' id='word_1_210' title='bbox 1527 2166 1739 2208; x_wconf 89' lang='lat' dir='ltr'><strong>summa</strong></span> <span class='ocrx_word' id='word_1_211' title='bbox 1769 2165 1896 2208; x_wconf 89' lang='lat' dir='ltr'><strong>cum</strong></span> <span class='ocrx_word' id='word_1_212' title='bbox 1926 2145 2163 2207; x_wconf 89' lang='lat' dir='ltr'><strong>utilitate</strong></span> 
     </span>
     <span class='ocr_line' id='line_1_25' title="bbox 169 2229 1441 2306; baseline -0.002 -14"><span class='ocrx_word' id='word_1_213' title='bbox 169 2241 397 2306; x_wconf 85' lang='lat' dir='ltr'><strong>nostra,</strong></span> <span class='ocrx_word' id='word_1_214' title='bbox 432 2247 642 2290; x_wconf 89' lang='lat' dir='ltr'><strong>summa</strong></span> <span class='ocrx_word' id='word_1_215' title='bbox 673 2248 799 2290; x_wconf 87' lang='lat' dir='ltr'><strong>oum</strong></span> <span class='ocrx_word' id='word_1_216' title='bbox 832 2239 925 2290; x_wconf 86' lang='lat' dir='ltr'><strong>tua</strong></span> <span class='ocrx_word' id='word_1_217' title='bbox 954 2229 1118 2293; x_wconf 87' lang='lat' dir='ltr'><strong>laude</strong></span> <span class='ocrx_word' id='word_1_218' title='bbox 1152 2231 1441 2292; x_wconf 86' lang='lat' dir='ltr'><strong>condatur.</strong></span> 
     </span>
    </p>

    <p class='ocr_par' dir='ltr' id='par_1_6' title="bbox 78 2313 2261 2729">
     <span class='ocr_line' id='line_1_26' title="bbox 78 2313 2261 2394; baseline 0.003 -21"><span class='ocrx_word' id='word_1_219' title='bbox 78 2328 152 2380; x_wconf 77' lang='lat'><strong>25</strong></span> <span class='ocrx_word' id='word_1_220' title='bbox 299 2313 515 2386; x_wconf 86' lang='lat' dir='ltr'><strong>Quodsi</strong></span> <span class='ocrx_word' id='word_1_221' title='bbox 544 2315 764 2392; x_wconf 90' lang='lat' dir='ltr'><strong>quando</strong></span> <span class='ocrx_word' id='word_1_222' title='bbox 800 2333 929 2374; x_wconf 86' lang='lat' dir='ltr'><strong>oum</strong></span> <span class='ocrx_word' id='word_1_223' title='bbox 957 2314 1319 2375; x_wconf 85' lang='lat' dir='ltr'><strong>influentibus</strong></span> <span class='ocrx_word' id='word_1_224' title='bbox 1346 2318 1593 2393; x_wconf 86' lang='lat' dir='ltr'><strong>negotiis</strong></span> <span class='ocrx_word' id='word_1_225' title='bbox 1622 2317 1776 2394; x_wconf 87' lang='lat' dir='ltr'><strong>paria</strong></span> <span class='ocrx_word' id='word_1_226' title='bbox 1814 2315 2038 2390; x_wconf 87' lang='lat' dir='ltr'><strong>fecisti,</strong></span> <span class='ocrx_word' id='word_1_227' title='bbox 2079 2317 2160 2374; x_wconf 86' lang='lat' dir='ltr'><strong>in·</strong></span> <span class='ocrx_word' id='word_1_228' title='bbox 2183 2315 2261 2379; x_wconf 79' lang='lat'><strong>81</strong></span> 
     </span>
     <span class='ocr_line' id='line_1_27' title="bbox 169 2398 2162 2472; baseline -0.001 -13"><span class='ocrx_word' id='word_1_229' title='bbox 169 2408 289 2459; x_wconf 87' lang='lat' dir='ltr'><strong>star</strong></span> <span class='ocrx_word' id='word_1_230' title='bbox 322 2398 652 2459; x_wconf 86' lang='lat' dir='ltr'><strong>refectionis</strong></span> <span class='ocrx_word' id='word_1_231' title='bbox 692 2400 976 2461; x_wconf 84' lang='lat' dir='ltr'><strong>existimas</strong></span> <span class='ocrx_word' id='word_1_232' title='bbox 1006 2402 1369 2460; x_wconf 88' lang='lat' dir='ltr'><strong>mutationem</strong></span> <span class='ocrx_word' id='word_1_233' title='bbox 1412 2400 1641 2460; x_wconf 90' lang='lat' dir='ltr'><strong>laboris.</strong></span> <span class='ocrx_word' id='word_1_234' title='bbox 1701 2399 1860 2472; x_wconf 86' lang='lat' dir='ltr'><strong>Quae</strong></span> <span class='ocrx_word' id='word_1_235' title='bbox 1893 2401 2041 2460; x_wconf 90' lang='lat' dir='ltr'><strong>enim</strong></span> <span class='ocrx_word' id='word_1_236' title='bbox 2072 2417 2162 2459; x_wconf 89' lang='lat' dir='ltr'><strong>re·</strong></span> 
     </span>
     <span class='ocr_line' id='line_1_28' title="bbox 168 2482 2162 2561; baseline -0.001 -19"><span class='ocrx_word' id='word_1_237' title='bbox 168 2484 364 2543; x_wconf 88' lang='lat' dir='ltr'><strong>missio</strong></span> <span class='ocrx_word' id='word_1_238' title='bbox 392 2482 490 2542; x_wconf 88' lang='lat' dir='ltr'><strong>tibi</strong></span> <span class='ocrx_word' id='word_1_239' title='bbox 521 2485 627 2542; x_wconf 90' lang='lat' dir='ltr'><strong>nisi</strong></span> <span class='ocrx_word' id='word_1_240' title='bbox 657 2483 895 2543; x_wconf 86' lang='lat' dir='ltr'><strong>lustrare</strong></span> <span class='ocrx_word' id='word_1_241' title='bbox 926 2482 1126 2560; x_wconf 86' lang='lat' dir='ltr'><strong>saltus,</strong></span> <span class='ocrx_word' id='word_1_242' title='bbox 1157 2494 1432 2545; x_wconf 81' lang='lat' dir='ltr'><strong>excutere</strong></span> <span class='ocrx_word' id='word_1_243' title='bbox 1464 2483 1744 2545; x_wconf 86' lang='lat' dir='ltr'><strong>cubilibus</strong></span> <span class='ocrx_word' id='word_1_244' title='bbox 1775 2484 1960 2560; x_wconf 86' lang='lat' dir='ltr'><strong>feras,</strong></span> <span class='ocrx_word' id='word_1_245' title='bbox 1992 2500 2162 2561; x_wconf 89' lang='lat' dir='ltr'><strong>supe·</strong></span> 
     </span>
     <span class='ocr_line' id='line_1_29' title="bbox 167 2567 2161 2645; baseline -0.001 -20"><span class='ocrx_word' id='word_1_246' title='bbox 167 2584 296 2626; x_wconf 88' lang='lat' dir='ltr'><strong>rare</strong></span> <span class='ocrx_word' id='word_1_247' title='bbox 330 2567 579 2626; x_wconf 89' lang='lat' dir='ltr'><strong>inmensa</strong></span> <span class='ocrx_word' id='word_1_248' title='bbox 605 2569 871 2626; x_wconf 88' lang='lat' dir='ltr'><strong>montium</strong></span> <span class='ocrx_word' id='word_1_249' title='bbox 898 2568 1028 2642; x_wconf 87' lang='lat' dir='ltr'><strong>iuga</strong></span> <span class='ocrx_word' id='word_1_250' title='bbox 1058 2577 1115 2627; x_wconf 89' lang='lat' dir='ltr'><strong>et</strong></span> <span class='ocrx_word' id='word_1_251' title='bbox 1142 2567 1502 2629; x_wconf 86' lang='lat' dir='ltr'><strong>horrentibus</strong></span> <span class='ocrx_word' id='word_1_252' title='bbox 1532 2567 1788 2645; x_wconf 88' lang='lat' dir='ltr'><strong>scopulis</strong></span> <span class='ocrx_word' id='word_1_253' title='bbox 1818 2567 2050 2645; x_wconf 87' lang='lat' dir='ltr'><strong>gradum</strong></span> <span class='ocrx_word' id='word_1_254' title='bbox 2082 2567 2161 2623; x_wconf 88' lang='lat' dir='ltr'><strong>in·</strong></span> 
     </span>
     <span class='ocr_line' id='line_1_30' title="bbox 167 2647 2162 2729; baseline -0.001 -21"><span class='ocrx_word' id='word_1_255' title='bbox 167 2649 356 2725; x_wconf 85' lang='lat' dir='ltr'><strong>ferre,</strong></span> <span class='ocrx_word' id='word_1_256' title='bbox 388 2649 593 2710; x_wconf 86' lang='lat' dir='ltr'><strong>nullius</strong></span> <span class='ocrx_word' id='word_1_257' title='bbox 617 2668 778 2710; x_wconf 88' lang='lat' dir='ltr'><strong>manu</strong></span> <span class='ocrx_word' id='word_1_258' title='bbox 795 2695 813 2726; x_wconf 91' lang='lat'><strong>,</strong></span> <span class='ocrx_word' id='word_1_259' title='bbox 838 2649 1043 2711; x_wconf 90' lang='lat' dir='ltr'><strong>nullius</strong></span> <span class='ocrx_word' id='word_1_260' title='bbox 1066 2653 1315 2729; x_wconf 83' lang='lat' dir='ltr'><strong>vestigio</strong></span> <span class='ocrx_word' id='word_1_261' title='bbox 1339 2653 1586 2713; x_wconf 89' lang='lat' dir='ltr'><strong>adiutum</strong></span> <span class='ocrx_word' id='word_1_262' title='bbox 1601 2697 1619 2728; x_wconf 87' lang='lat'><strong>,</strong></span> <span class='ocrx_word' id='word_1_263' title='bbox 1648 2660 1818 2727; x_wconf 88' lang='lat' dir='ltr'><strong>atque</strong></span> <span class='ocrx_word' id='word_1_264' title='bbox 1845 2653 1991 2710; x_wconf 90' lang='lat' dir='ltr'><strong>inter</strong></span> <span class='ocrx_word' id='word_1_265' title='bbox 2015 2647 2162 2707; x_wconf 88' lang='lat' dir='ltr'><strong>haec</strong></span> 
     </span>
    </p>

    <p class='ocr_par' dir='ltr' id='par_1_7' title="bbox 75 2729 2169 3148">
     <span class='ocr_line' id='line_1_31' title="bbox 75 2729 2160 2812; baseline -0.001 -20"><span class='ocrx_word' id='word_1_266' title='bbox 75 2746 153 2800; x_wconf 77' lang='lat'><strong>30</strong></span> <span class='ocrx_word' id='word_1_267' title='bbox 171 2735 266 2812; x_wconf 88' lang='lat' dir='ltr'><strong>pia</strong></span> <span class='ocrx_word' id='word_1_268' title='bbox 292 2743 479 2794; x_wconf 88' lang='lat' dir='ltr'><strong>mente</strong></span> <span class='ocrx_word' id='word_1_269' title='bbox 510 2734 663 2793; x_wconf 89' lang='lat' dir='ltr'><strong>adire</strong></span> <span class='ocrx_word' id='word_1_270' title='bbox 694 2733 857 2793; x_wconf 90' lang='lat' dir='ltr'><strong>lucos</strong></span> <span class='ocrx_word' id='word_1_271' title='bbox 883 2744 939 2794; x_wconf 92' lang='lat' dir='ltr'><strong>et</strong></span> <span class='ocrx_word' id='word_1_272' title='bbox 973 2752 1281 2795; x_wconf 86' lang='lat' dir='ltr'><strong>occursare</strong></span> <span class='ocrx_word' id='word_1_273' title='bbox 1307 2729 1665 2794; x_wconf 80' lang='lat' dir='ltr'><strong>numinibus?</strong></span> <span class='ocrx_word' id='word_1_274' title='bbox 1712 2731 1856 2792; x_wconf 89' lang='lat' dir='ltr'><strong>Olim</strong></span> <span class='ocrx_word' id='word_1_275' title='bbox 1887 2732 2029 2791; x_wconf 88' lang='lat' dir='ltr'><strong>haec</strong></span> <span class='ocrx_word' id='word_1_276' title='bbox 2060 2749 2160 2790; x_wconf 84' lang='lat' dir='ltr'><strong>ex·</strong></span> 
     </span>
     <span class='ocr_line' id='line_1_32' title="bbox 166 2813 2158 2897; baseline -0.002 -21"><span class='ocrx_word' id='word_1_277' title='bbox 166 2819 447 2895; x_wconf 87' lang='lat' dir='ltr'><strong>perientia</strong></span> <span class='ocrx_word' id='word_1_278' title='bbox 474 2819 817 2893; x_wconf 87' lang='lat' dir='ltr'><strong>iuventutis,</strong></span> <span class='ocrx_word' id='word_1_279' title='bbox 848 2818 991 2878; x_wconf 90' lang='lat' dir='ltr'><strong>haec</strong></span> <span class='ocrx_word' id='word_1_280' title='bbox 1025 2818 1289 2897; x_wconf 86' lang='lat' dir='ltr'><strong>voluptas</strong></span> <span class='ocrx_word' id='word_1_281' title='bbox 1314 2827 1465 2893; x_wconf 68' lang='lat' dir='ltr'><strong>erat,</strong></span> <span class='ocrx_word' id='word_1_282' title='bbox 1502 2816 1590 2877; x_wconf 88' lang='lat' dir='ltr'><strong>his</strong></span> <span class='ocrx_word' id='word_1_283' title='bbox 1620 2816 1833 2875; x_wconf 89' lang='lat' dir='ltr'><strong>artibus</strong></span> <span class='ocrx_word' id='word_1_284' title='bbox 1859 2816 2028 2875; x_wconf 85' lang='lat' dir='ltr'><strong>futuri</strong></span> <span class='ocrx_word' id='word_1_285' title='bbox 2060 2813 2158 2873; x_wconf 91' lang='lat' dir='ltr'><strong>du·</strong></span> 
     </span>
     <span class='ocr_line' id='line_1_33' title="bbox 169 2900 2169 2978; baseline -0.002 -18"><span class='ocrx_word' id='word_1_286' title='bbox 169 2919 272 2961; x_wconf 91' lang='lat' dir='ltr'><strong>ces</strong></span> <span class='ocrx_word' id='word_1_287' title='bbox 303 2901 708 2978; x_wconf 85' lang='lat' dir='ltr'><strong>inbuebantur‚</strong></span> <span class='ocrx_word' id='word_1_288' title='bbox 753 2911 972 2962; x_wconf 85' lang='lat' dir='ltr'><strong>certare</strong></span> <span class='ocrx_word' id='word_1_289' title='bbox 1002 2919 1128 2961; x_wconf 89' lang='lat' dir='ltr'><strong>cum</strong></span> <span class='ocrx_word' id='word_1_290' title='bbox 1154 2901 1452 2978; x_wconf 85' lang='lat' dir='ltr'><strong>fugacibus</strong></span> <span class='ocrx_word' id='word_1_291' title='bbox 1485 2900 1623 2959; x_wconf 86' lang='lat' dir='ltr'><strong>feris</strong></span> <span class='ocrx_word' id='word_1_292' title='bbox 1667 2916 1864 2976; x_wconf 88' lang='lat' dir='ltr'><strong>cursu,</strong></span> <span class='ocrx_word' id='word_1_293' title='bbox 1910 2915 2037 2958; x_wconf 90' lang='lat' dir='ltr'><strong>cum</strong></span> <span class='ocrx_word' id='word_1_294' title='bbox 2062 2915 2169 2957; x_wconf 87' lang='lat' dir='ltr'><strong>au·.</strong></span> 
     </span>
     <span class='ocr_line' id='line_1_34' title="bbox 168 2981 2156 3062; baseline -0.001 -18"><span class='ocrx_word' id='word_1_295' title='bbox 168 2984 405 3045; x_wconf 88' lang='lat' dir='ltr'><strong>dacibus</strong></span> <span class='ocrx_word' id='word_1_296' title='bbox 432 2985 676 3062; x_wconf 88' lang='lat' dir='ltr'><strong>robore,</strong></span> <span class='ocrx_word' id='word_1_297' title='bbox 718 3002 845 3044; x_wconf 88' lang='lat' dir='ltr'><strong>cum</strong></span> <span class='ocrx_word' id='word_1_298' title='bbox 874 2984 1094 3046; x_wconf 87' lang='lat' dir='ltr'><strong>callidis</strong></span> <span class='ocrx_word' id='word_1_299' title='bbox 1120 2995 1272 3052; x_wconf 77' lang='lat' dir='ltr'><strong>astu:</strong></span> <span class='ocrx_word' id='word_1_300' title='bbox 1323 3002 1434 3045; x_wconf 87' lang='lat' dir='ltr'><strong>nec</strong></span> <span class='ocrx_word' id='word_1_301' title='bbox 1463 2982 1752 3043; x_wconf 90' lang='lat' dir='ltr'><strong>mediocre</strong></span> <span class='ocrx_word' id='word_1_302' title='bbox 1785 2983 1942 3060; x_wconf 84' lang='lat' dir='ltr'><strong>pacis</strong></span> <span class='ocrx_word' id='word_1_303' title='bbox 1979 2981 2156 3043; x_wconf 88' lang='lat' dir='ltr'><strong>decus</strong></span> 
     </span>
     <span class='ocr_line' id='line_1_35' title="bbox 166 3066 2156 3148; baseline 0 -21"><span class='ocrx_word' id='word_1_304' title='bbox 166 3068 480 3129; x_wconf 88' lang='lat' dir='ltr'><strong>habebatur</strong></span> <span class='ocrx_word' id='word_1_305' title='bbox 508 3078 781 3129; x_wconf 87' lang='lat' dir='ltr'><strong>summota</strong></span> <span class='ocrx_word' id='word_1_306' title='bbox 817 3071 1027 3148; x_wconf 90' lang='lat' dir='ltr'><strong>campis</strong></span> <span class='ocrx_word' id='word_1_307' title='bbox 1058 3070 1300 3147; x_wconf 90' lang='lat' dir='ltr'><strong>inruptio</strong></span> <span class='ocrx_word' id='word_1_308' title='bbox 1340 3069 1581 3128; x_wconf 88' lang='lat' dir='ltr'><strong>ferarum</strong></span> <span class='ocrx_word' id='word_1_309' title='bbox 1609 3076 1666 3128; x_wconf 90' lang='lat' dir='ltr'><strong>et</strong></span> <span class='ocrx_word' id='word_1_310' title='bbox 1696 3066 1989 3127; x_wconf 88' lang='lat' dir='ltr'><strong>obsidione</strong></span> <span class='ocrx_word' id='word_1_311' title='bbox 2024 3083 2156 3144; x_wconf 88' lang='lat' dir='ltr'><strong>qua·</strong></span> 
     </span>
    </p>

    <p class='ocr_par' dir='ltr' id='par_1_8' title="bbox 73 3148 2235 3398">
     <span class='ocr_line' id='line_1_36' title="bbox 73 3148 2156 3231; baseline -0.004 -13"><span class='ocrx_word' id='word_1_312' title='bbox 73 3164 148 3218; x_wconf 80' lang='lat'><strong>35</strong></span> <span class='ocrx_word' id='word_1_313' title='bbox 170 3152 297 3212; x_wconf 87' lang='lat' dir='ltr'><strong>dam</strong></span> <span class='ocrx_word' id='word_1_314' title='bbox 334 3151 604 3213; x_wconf 88' lang='lat' dir='ltr'><strong>liberatus</strong></span> <span class='ocrx_word' id='word_1_315' title='bbox 648 3155 954 3231; x_wconf 83' lang='lat' dir='ltr'><strong>agrestium</strong></span> <span class='ocrx_word' id='word_1_316' title='bbox 997 3151 1177 3212; x_wconf 89' lang='lat' dir='ltr'><strong>labor.</strong></span> <span class='ocrx_word' id='word_1_317' title='bbox 1240 3152 1595 3231; x_wconf 89' lang='lat' dir='ltr'><strong>Usurpabant</strong></span> <span class='ocrx_word' id='word_1_318' title='bbox 1623 3148 1859 3228; x_wconf 85' lang='lat' dir='ltr'><strong>gloriam</strong></span> <span class='ocrx_word' id='word_1_319' title='bbox 1886 3151 2047 3211; x_wconf 87' lang='lat' dir='ltr'><strong>istam</strong></span> <span class='ocrx_word' id='word_1_320' title='bbox 2076 3150 2156 3211; x_wconf 91' lang='lat' dir='ltr'><strong>illi</strong></span> 
     </span>
     <span class='ocr_line' id='line_1_37' title="bbox 166 3233 2235 3316; baseline 0 -21"><span class='ocrx_word' id='word_1_321' title='bbox 166 3253 395 3314; x_wconf 86' lang='lat' dir='ltr'><strong>quoque</strong></span> <span class='ocrx_word' id='word_1_322' title='bbox 417 3237 706 3316; x_wconf 62' lang='lat' dir='ltr'><strong>primipes</strong></span> <span class='ocrx_word' id='word_1_323' title='bbox 726 3239 819 3314; x_wconf 91' lang='lat' dir='ltr'><strong>qui</strong></span> <span class='ocrx_word' id='word_1_324' title='bbox 847 3237 1008 3295; x_wconf 90' lang='lat' dir='ltr'><strong>obire</strong></span> <span class='ocrx_word' id='word_1_325' title='bbox 1036 3252 1149 3295; x_wconf 90' lang='lat' dir='ltr'><strong>non</strong></span> <span class='ocrx_word' id='word_1_326' title='bbox 1176 3245 1464 3316; x_wconf 88' lang='lat' dir='ltr'><strong>poterant:</strong></span> <span class='ocrx_word' id='word_1_327' title='bbox 1492 3233 1831 3313; x_wconf 87' lang='lat' dir='ltr'><strong>usurpabant</strong></span> <span class='ocrx_word' id='word_1_328' title='bbox 1857 3244 2042 3296; x_wconf 87' lang='lat' dir='ltr'><strong>autem</strong></span> <span class='ocrx_word' id='word_1_329' title='bbox 2067 3236 2156 3295; x_wconf 77' lang='lat' dir='ltr'><strong>ita</strong></span> <span class='ocrx_word' id='word_1_330' title='bbox 2224 3262 2235 3277; x_wconf 87' lang='lat'><strong>·</strong></span> 
     </span>
     <span class='ocr_line' id='line_1_38' title="bbox 161 3316 2154 3398; baseline -0.001 -20"><span class='ocrx_word' id='word_1_331' title='bbox 161 3329 228 3380; x_wconf 89' lang='lat' dir='ltr'><strong>nt</strong></span> <span class='ocrx_word' id='word_1_332' title='bbox 256 3319 489 3389; x_wconf 69' lang='lat' dir='ltr'><strong>domitas</strong></span> <span class='ocrx_word' id='word_1_333' title='bbox 507 3316 841 3398; x_wconf 47' lang='lat' dir='ltr'><strong>‘fractasque</strong></span> <span class='ocrx_word' id='word_1_334' title='bbox 870 3319 1128 3380; x_wconf 86' lang='lat' dir='ltr'><strong>claustris</strong></span> <span class='ocrx_word' id='word_1_335' title='bbox 1157 3320 1309 3381; x_wconf 86' lang='lat' dir='ltr'><strong>feras</strong></span> <span class='ocrx_word' id='word_1_336' title='bbox 1342 3337 1410 3381; x_wconf 87' lang='lat' dir='ltr'><strong>ac</strong></span> <span class='ocrx_word' id='word_1_337' title='bbox 1439 3319 1642 3379; x_wconf 89' lang='lat' dir='ltr'><strong>deinde</strong></span> <span class='ocrx_word' id='word_1_338' title='bbox 1671 3319 1727 3378; x_wconf 91' lang='lat' dir='ltr'><strong>in</strong></span> <span class='ocrx_word' id='word_1_339' title='bbox 1747 3318 1999 3397; x_wconf 78' lang='lat' dir='ltr'><strong>ipsorum</strong></span> <span class='ocrx_word' id='word_1_340' title='bbox 2033 3319 2154 3395; x_wconf 89' lang='lat' dir='ltr'><strong>qui·</strong></span> 
     </span>
    </p>
   </div>
   <div class='ocr_carea' id='block_1_3' title="bbox 162 3392 2373 3486">
    <p class='ocr_par' dir='ltr' id='par_1_9' title="bbox 162 3392 2373 3486">
     <span class='ocr_line' id='line_1_39' title="bbox 162 3392 2373 3486; baseline -0.002 -23"><span class='ocrx_word' id='word_1_341' title='bbox 162 3402 298 3463; x_wconf 91' lang='lat' dir='ltr'><strong>dem</strong></span> <span class='ocrx_word' id='word_1_342' title='bbox 321 3392 633 3464; x_wconf 47' lang='lat' dir='ltr'><strong>*ludibrium</strong></span> <span class='ocrx_word' id='word_1_343' title='bbox 689 3404 923 3466; x_wconf 85' lang='lat' dir='ltr'><strong>emissas</strong></span> <span class='ocrx_word' id='word_1_344' title='bbox 958 3405 1187 3465; x_wconf 86' lang='lat' dir='ltr'><strong>mentita</strong></span> <span class='ocrx_word' id='word_1_345' title='bbox 1227 3404 1534 3482; x_wconf 84' lang='lat' dir='ltr'><strong>sagacitate</strong></span> <span class='ocrx_word' id='word_1_346' title='bbox 1577 3402 1943 3486; x_wconf 34' lang='lat' dir='ltr'><strong>colligerent..</strong></span> <span class='ocrx_word' id='word_1_347' title='bbox 2009 3400 2152 3461; x_wconf 88' lang='lat' dir='ltr'><strong>Huic</strong></span> <span class='ocrx_word' id='word_1_348' title='bbox 2364 3444 2373 3453; x_wconf 94' lang='lat'><strong>.</strong></span> 
     </span>
    </p>
   </div>
   <div class='ocr_carea' id='block_1_4' title="bbox 171 3485 2235 3574">
    <p class='ocr_par' dir='ltr' id='par_1_10' title="bbox 171 3485 2336 3574">
     <span class='ocr_line' id='line_1_40' title="bbox 171 3485 2235 3574; baseline -0.004 -30"><span class='ocrx_word' id='word_1_349' title='bbox 171 3544 180 3555; x_wconf 80' lang='grc'><strong><em>,</em></strong></span> <span class='ocrx_word' id='word_1_350' title='bbox 249 3492 394 3544; x_wconf 77' lang='lat' dir='ltr'><strong>Pmm</strong></span> <span class='ocrx_word' id='word_1_351' title='bbox 421 3491 516 3544; x_wconf 79' lang='grc' dir='ltr'><strong>ΕΡ.</strong></span> <span class='ocrx_word' id='word_1_352' title='bbox 1249 3569 1262 3574; x_wconf 28' lang='grc' dir='ltr'><em>Ν</em></span> <span class='ocrx_word' id='word_1_353' title='bbox 1276 3558 1291 3573; x_wconf 40' lang='grc' dir='ltr'><em>Ι</em></span> <span class='ocrx_word' id='word_1_354' title='bbox 1685 3485 1766 3549; x_wconf 83' lang='lat'><strong>19</strong></span> <span class='ocrx_word' id='word_1_355' title='bbox 2190 3490 2235 3533; x_wconf 41' lang='grc' dir='ltr'><em>Α</em></span> 
     </span>
    </p>
   </div>
  </div>
 </body>
</html>
