2467 3850
296 158 417 223 106
1124 156 1189 217 C.
1233 153 1425 217 PLINI

293 322 467 373 strum
502 314 689 389 ‘pater
720 306 1007 368 familiae’.
1073 307 1240 381 Quod
1278 310 1327 368 si
1358 324 1547 369 essem
1572 316 1765 369 natura
1791 307 2050 387 asperior
2075 318 2137 370 et
2175 308 2279 372 du-

292 399 426 471 rior,
459 393 745 470 frangeret
773 410 863 452 me
884 401 1067 451 tamen
1094 393 1377 453 infirmitas
1401 390 1587 451 liberti
1608 395 1718 454 mci
1744 391 1974 469 Zosimi,
2003 395 2095 454 cui
2118 404 2277 454 tanto

221 545 226 550 ,
293 481 466 539 maior
494 477 798 536 humanitas
830 474 1143 536 exhibenda
1183 484 1308 552 est,
1364 485 1570 554 quanto
1597 494 1745 535 nunc
1773 474 1867 535 illa
1900 479 2078 554 magis
2114 487 2273 553 eget.

238 560 470 622 3Homo
503 561 715 639 probus
739 560 1029 620 officiosus
1061 557 1366 628 litteratus;
1400 567 1458 618 et
1491 576 1581 619 ars
1618 558 1840 638 quidem
1874 561 1996 620 eius
2032 569 2089 619 et
2114 564 2276 638 quasi

291 646 584 724 inscriptio
626 642 968 720 comoedus,
1010 644 1066 701 in
1105 660 1214 721 qua
1253 641 1549 722 plurimum
1575 642 1729 703 facit.
1779 641 1919 702 Nam
1953 646 2324 722 pronuntiati»

290 731 529 804 acriter,
562 729 877 806 sapienter,
905 735 1070 805 apte,
1112 726 1386 786 decenter
1411 729 1603 795 etiam;
1651 728 1820 786 utitur
1847 734 1906 788 et
1934 727 2147 787 cithara
2171 746 2277 806 pe·

289 813 432 888 rite,
474 810 618 871 ultra
661 828 823 889 quam
860 809 1135 869 comoedo
1174 828 1422 870 necesse
1463 819 1571 871 est.
1633 808 1790 869 Idem
1823 818 1932 869 tam
1974 810 2277 871 commode

294 898 577 956 orationes
619 902 678 954 et
720 894 981 954 historias
1022 902 1080 953 et
1124 896 1365 953 carmina
1394 891 1535 970 legit
1563 903 1621 953 ut
1652 893 1764 952 hoc
1794 892 1976 953 solum
2003 893 2277 954 didicisse

242 978 561 1041 4videatur.
628 975 782 1037 Haec
820 977 921 1038 tibi
962 975 1163 1036 sedulo
1207 978 1482 1055 exposui,
1529 993 1642 1055 quo
1683 979 1859 1054 magis
1889 979 2070 1038 scires
2108 994 2277 1054 quam

293 1062 462 1122 multa
489 1080 630 1121 unus
660 1060 792 1120 mihi
820 1070 878 1120 et
901 1077 1064 1138 quam
1089 1059 1326 1120 iucunda
1359 1061 1661 1120 ministeria
1694 1070 2022 1138 praestaret.
2082 1059 2276 1121 Acce·
2295 1071 2362 1124 10

294 1145 372 1206 dit
403 1145 572 1222 longa
608 1147 715 1204 iam
753 1145 954 1205 caritas
1001 1143 1268 1220 hominis,
1320 1160 1483 1222 quam
1522 1144 1646 1222 ipsa
1684 1143 1937 1222 pericula
1972 1155 2273 1205 auxerunt.

244 1229 398 1291 5Est
430 1231 576 1290 enim
606 1230 681 1288 ita
711 1236 905 1288 natura
932 1237 1309 1306 comparatum
1333 1236 1394 1287 ut
1420 1225 1555 1287 nihil
1586 1244 1769 1305 aeque
1801 1245 2048 1288 amorem
2075 1229 2275 1288 incitet

294 1323 354 1374 et
398 1312 669 1373 accendat
713 1329 876 1390 quam
917 1309 1141 1371 carendi
1168 1321 1385 1388 metus,
1417 1329 1583 1389 quem
1618 1329 1729 1389 ego
1764 1328 1868 1390 pro
1897 1310 2008 1370 hoc
2038 1328 2150 1371 non
2179 1331 2275 1372 se·

243 1396 406 1459 fimel
439 1398 639 1476 patior.
679 1394 818 1455 Nam
840 1403 970 1455 ante
1003 1394 1214 1473 aliquot
1242 1412 1417 1455 annos
1435 1439 1454 1472 ‚
1490 1393 1619 1453 dum
1645 1396 1856 1454 intente
1886 1396 2273 1473 instanterque

293 1482 631 1561 pronuntiat,
664 1480 992 1555 sanguinem
1019 1480 1241 1556 reiecit,
1266 1477 1448 1557 adque
1479 1478 1553 1537 ob
1583 1478 1694 1538 hoc
1725 1480 1780 1537 in
1791 1479 2118 1557 Aegyptum
2140 1481 2276 1539 mis·
2295 1486 2361 1539 15

294 1581 393 1624 sus
421 1582 454 1623 a
481 1581 594 1639 me,
626 1570 759 1640 post
798 1561 1021 1639 longam
1052 1563 1563 1641 peregrinationem
1593 1562 1946 1622 confirmatus
1975 1562 2142 1622 rediit
2172 1581 2277 1620 nu-

294 1666 428 1727 per:
459 1645 660 1707 deinde
691 1645 818 1705 dum
857 1663 966 1725 per
997 1648 1293 1706 continuos
1313 1644 1435 1705 dies
1458 1647 1617 1706 nimis
1646 1648 1882 1724 imperat
1908 1646 2071 1722 voci,
2113 1655 2276 1705 vete-

296 1734 373 1792 ris
394 1730 718 1791 infirmitatis
745 1729 1018 1790 tussicula
1043 1729 1355 1790 admonitus
1373 1773 1390 1805 ‚
1434 1746 1628 1790 rursus
1657 1730 1984 1805 sanguinem
2009 1728 2274 1789 reddidit.

246 1822 278 1876 7
299 1810 421 1888 Qua
448 1833 522 1875 ex
552 1832 718 1875 causa
746 1812 1018 1874 destinavi
1055 1833 1184 1874 eum
1211 1815 1434 1874 mittere
1464 1814 1520 1871 in
1560 1812 1787 1892 praedia
1819 1821 1913 1871 tua
1940 1830 2082 1890 quae
2122 1811 2276 1871 Foro

295 1897 401 1959 Iuli
427 1898 708 1980 possides,
748 1897 951 1959 Audivi
979 1898 1125 1958 enim
1148 1907 1206 1958 te
1236 1913 1412 1975 saepe
1439 1895 1783 1957 referentem
1803 1914 1935 1957 esse
1960 1896 2036 1956 ibi
2057 1905 2117 1957 et
2138 1903 2276 1957 aera
2292 1906 2362 1960 20

296 1983 579 2045 salubrem
634 1991 693 2041 et
735 1979 830 2042 lac
883 1982 1153 2043 eiusmodi
1198 1982 1578 2043 curationibus
1618 1979 2270 2041 accommodatissimum.

246 2067 462 2145 &Rogo
490 2082 630 2143 ergo
660 2064 875 2125 scribas
900 2066 1011 2124 tuis
1037 2074 1099 2124 ut
1130 2064 1213 2124 illi
1244 2064 1411 2143 villa,
1442 2074 1502 2125 ut
1536 2064 1732 2124 domus
1773 2072 1992 2142 pateat,
2035 2064 2276 2123 offerant

298 2153 464 2211 etiam
489 2147 799 2226 sumptibus
828 2149 985 2223 eius,
1034 2150 1082 2207 si
1112 2146 1244 2225 quid
1273 2164 1418 2228 opus
1449 2150 1584 2217 erit;
1625 2149 1733 2208 erit
1764 2157 1950 2207 autem
1976 2163 2122 2224 opus
2153 2165 2275 2206 mo-

247 2242 283 2294 9
300 2232 447 2292 dico.
503 2230 607 2290 Est
636 2231 782 2288 enim
812 2238 922 2288 tam
957 2246 1159 2307 parcus
1190 2239 1250 2290 et
1282 2234 1573 2291 continens
1598 2241 1656 2291 ut
1683 2248 1795 2291 non
1823 2229 2006 2291 solum
2033 2229 2274 2291 delicias

297 2333 492 2374 verum
542 2313 707 2372 etiam
759 2315 1134 2374 necessitates
1188 2313 1522 2375 valetudinis
1574 2314 1892 2391 frugalitate
1947 2316 2272 2391 restringat.
2292 2319 2365 2373 25

297 2396 425 2474 Ego
462 2396 843 2537 pmVficiscemi
885 2403 1092 2456 tantum
1130 2399 1320 2458 viatici
1360 2397 1504 2460 dabo
1546 2408 1805 2478 quantum
1837 2396 2079 2458 sufficiat
2119 2401 2275 2459 eunti

299 2482 354 2539 in
383 2490 495 2540 tua.
604 2495 636 2537 a
660 2496 712 2538 e.

1223 2613 1349 2675 XX.

892 2712 946 2766 C.
983 2711 1228 2764 PLINIUS
1263 2712 1428 2764 URSO
1463 2712 1583 2765 SUO
1621 2712 1673 2763 S.
2295 2742 2370 2797 30

250 2824 280 2874 1
418 2811 624 2874 Iterum
660 2813 882 2888 Bithyni
923 2813 1100 2875 breve
1140 2823 1363 2895 tempus
1405 2833 1439 2874 a
1479 2812 1621 2873 Iulio
1664 2814 1843 2875 Basso
1871 2816 2037 2874 etiam
2066 2814 2281 2875 Rufum

297 2895 573 2956 Varenum
593 2897 989 2976 proconsulem
1030 2897 1381 2974 detulerunt,
1422 2897 1731 2975 Varenum,
1777 2916 1945 2977 quem
1973 2917 2154 2978 nuper
2182 2899 2280 2959 ad·

248 2987 498 3039 2versus
539 2980 772 3040 Bassum
810 2980 1142 3040 advocatum
1180 2990 1240 3040 et
1281 2979 1628 3060 postularant
1667 2991 1728 3041 et
1761 2992 2124 3061 acceperant.
2188 2981 2280 3041 In-

301 3061 454 3122 ducti
493 3064 550 3121 in
590 3074 840 3124 senatum
878 3066 1294 3142 inquisitionem
1333 3063 1775 3143 postulaverunt.
1832 3064 2088 3125 Varenus
2132 3069 2280 3145 petit

301 3152 360 3203 ut
389 3145 495 3204 sibi
526 3162 749 3223 quoque
780 3145 1123 3206 defensionis
1155 3165 1327 3207 causa
1355 3166 1597 3207 evocare
1626 3157 1805 3208 testes
1833 3146 2066 3209 liceret:
2108 3167 2277 3209 recu·
2297 3162 2372 3216 35

302 3227 549 3286 santibus
576 3227 828 3302 Bithynis
859 3232 1105 3307 cognitio
1133 3240 1402 3308 suscepta
1436 3240 1541 3289 est.
1585 3230 1695 3308 Egi
1726 3247 1832 3309 pro
1861 3231 2086 3292 Vareno
2104 3279 2122 3310 ‚
2163 3252 2280 3293 non

249 3312 424 3372 3sine
456 3320 689 3371 eventu:
720 3328 844 3370 nam
872 3312 1018 3372 bene
1050 3331 1119 3371 an
1140 3311 1321 3389 male,
1354 3313 1500 3372 liber
1527 3314 1807 3373 indicabit.
1867 3313 1929 3373 In
1956 3318 2282 3377 actionibus

302 3395 450 3452 enim
476 3401 764 3472 utramque
798 3395 854 3452 in
880 3404 1095 3473 partem
1126 3395 1347 3455 fortuna
1380 3395 1713 3457 dominatur:
1741 3397 1971 3458 multum
1993 3416 2284 3462 commen-
