<?xml version="1.0" encoding="UTF-8"?>
<!DOCTYPE html PUBLIC "-//W3C//DTD XHTML 1.0 Transitional//EN"
    "http://www.w3.org/TR/xhtml1/DTD/xhtml1-transitional.dtd">
<html xmlns="http://www.w3.org/1999/xhtml" xml:lang="en" lang="en">
 <head>
  <title>
</title>
<meta http-equiv="Content-Type" content="text/html;charset=utf-8" />
  <meta name='ocr-system' content='tesseract 3.04.00' />
  <meta name='ocr-capabilities' content='ocr_page ocr_carea ocr_par ocr_line ocrx_word'/>
</head>
<body>
  <div class='ocr_page' id='page_1' title='image "./cplinicaecilise00unkngoog_0042.png"; bbox 0 0 2467 3850; ppageno 0'>
   <div class='ocr_carea' id='block_1_1' title="bbox 2135 101 2200 140">
    <p class='ocr_par' dir='ltr' id='par_1_1' title="bbox 2135 101 2200 140">
     <span class='ocr_line' id='line_1_1' title="bbox 2135 101 2200 140; baseline 0 -9"><span class='ocrx_word' id='word_1_1' title='bbox 2135 101 2200 140; x_wconf 51' lang='grc' dir='ltr'><strong>«κ</strong></span> 
     </span>
    </p>
   </div>
   <div class='ocr_carea' id='block_1_2' title="bbox 326 166 1463 233">
    <p class='ocr_par' dir='ltr' id='par_1_2' title="bbox 326 166 1463 233">
     <span class='ocr_line' id='line_1_2' title="bbox 326 166 1463 233; baseline -0.004 0"><span class='ocrx_word' id='word_1_2' title='bbox 326 172 406 233; x_wconf 84' lang='grc'><strong>16</strong></span> <span class='ocrx_word' id='word_1_3' title='bbox 1161 167 1228 228; x_wconf 88' lang='lat' dir='ltr'><strong>C.</strong></span> <span class='ocrx_word' id='word_1_4' title='bbox 1271 166 1463 228; x_wconf 87' lang='lat' dir='ltr'><strong>PLINI</strong></span> 
     </span>
    </p>
   </div>
   <div class='ocr_carea' id='block_1_3' title="bbox 270 318 2452 1659">
    <p class='ocr_par' dir='ltr' id='par_1_3' title="bbox 320 318 2303 652">
     <span class='ocr_line' id='line_1_3' title="bbox 323 318 2303 398; baseline -0.003 -15"><span class='ocrx_word' id='word_1_5' title='bbox 323 330 545 383; x_wconf 85' lang='lat' dir='ltr'><strong>causam</strong></span> <span class='ocrx_word' id='word_1_6' title='bbox 569 318 689 380; x_wconf 89' lang='lat' dir='ltr'><strong>Iuni</strong></span> <span class='ocrx_word' id='word_1_7' title='bbox 723 319 993 398; x_wconf 76' lang='lat' dir='ltr'><strong>Pastoris,</strong></span> <span class='ocrx_word' id='word_1_8' title='bbox 1025 339 1151 381; x_wconf 91' lang='lat' dir='ltr'><strong>cum</strong></span> <span class='ocrx_word' id='word_1_9' title='bbox 1175 320 1309 380; x_wconf 89' lang='lat' dir='ltr'><strong>mihi</strong></span> <span class='ocrx_word' id='word_1_10' title='bbox 1338 320 1653 398; x_wconf 78' lang='lat' dir='ltr'>quiescenti</span> <span class='ocrx_word' id='word_1_11' title='bbox 1681 320 1803 379; x_wconf 84' lang='lat' dir='ltr'><strong>visa</strong></span> <span class='ocrx_word' id='word_1_12' title='bbox 1831 326 1923 379; x_wconf 86' lang='lat' dir='ltr'><strong>est</strong></span> <span class='ocrx_word' id='word_1_13' title='bbox 1947 334 2148 379; x_wconf 84' lang='lat' dir='ltr'><strong>socrus</strong></span> <span class='ocrx_word' id='word_1_14' title='bbox 2176 334 2303 377; x_wconf 83' lang='lat' dir='ltr'><strong>mea</strong></span> 
     </span>
     <span class='ocr_line' id='line_1_4' title="bbox 320 402 2302 482; baseline -0.003 -15"><span class='ocrx_word' id='word_1_15' title='bbox 320 405 585 467; x_wconf 89' lang='lat' dir='ltr'><strong>advoluta</strong></span> <span class='ocrx_word' id='word_1_16' title='bbox 609 405 850 482; x_wconf 78' lang='lat' dir='ltr'>genibus</span> <span class='ocrx_word' id='word_1_17' title='bbox 877 422 951 463; x_wconf 90' lang='lat' dir='ltr'><strong>ne</strong></span> <span class='ocrx_word' id='word_1_18' title='bbox 980 422 1210 481; x_wconf 82' lang='lat' dir='ltr'>agerem</span> <span class='ocrx_word' id='word_1_19' title='bbox 1236 405 1564 465; x_wconf 87' lang='lat' dir='ltr'><strong>obsecrare.</strong></span> <span class='ocrx_word' id='word_1_20' title='bbox 1621 402 1695 463; x_wconf 89' lang='lat' dir='ltr'><strong>Et</strong></span> <span class='ocrx_word' id='word_1_21' title='bbox 1725 420 1876 463; x_wconf 89' lang='lat' dir='ltr'><strong>eram</strong></span> <span class='ocrx_word' id='word_1_22' title='bbox 1912 410 2138 463; x_wconf 87' lang='lat' dir='ltr'><strong>acturus</strong></span> <span class='ocrx_word' id='word_1_23' title='bbox 2168 402 2302 462; x_wconf 88' lang='lat' dir='ltr'><strong>adu-</strong></span> 
     </span>
     <span class='ocr_line' id='line_1_5' title="bbox 321 487 2303 567; baseline -0.002 -18"><span class='ocrx_word' id='word_1_24' title='bbox 321 488 673 551; x_wconf 88' lang='lat' dir='ltr'><strong>lescentulus</strong></span> <span class='ocrx_word' id='word_1_25' title='bbox 700 487 903 564; x_wconf 87' lang='lat' dir='ltr'><strong>adhuc,</strong></span> <span class='ocrx_word' id='word_1_26' title='bbox 934 506 1085 548; x_wconf 91' lang='lat' dir='ltr'><strong>eram</strong></span> <span class='ocrx_word' id='word_1_27' title='bbox 1105 490 1161 548; x_wconf 92' lang='lat' dir='ltr'><strong>in</strong></span> <span class='ocrx_word' id='word_1_28' title='bbox 1183 488 1532 567; x_wconf 80' lang='lat' dir='ltr'><strong>quadruplici</strong></span> <span class='ocrx_word' id='word_1_29' title='bbox 1552 487 1781 564; x_wconf 88' lang='lat' dir='ltr'><strong>iudicio,</strong></span> <span class='ocrx_word' id='word_1_30' title='bbox 1814 503 1966 546; x_wconf 89' lang='lat' dir='ltr'><strong>eram</strong></span> <span class='ocrx_word' id='word_1_31' title='bbox 1987 495 2178 546; x_wconf 89' lang='lat' dir='ltr'><strong>contra</strong></span> <span class='ocrx_word' id='word_1_32' title='bbox 2198 503 2303 564; x_wconf 90' lang='lat' dir='ltr'><strong>po·</strong></span> 
     </span>
     <span class='ocr_line' id='line_1_6' title="bbox 320 569 2301 652; baseline -0.004 -17"><span class='ocrx_word' id='word_1_33' title='bbox 320 575 669 635; x_wconf 89' lang='lat' dir='ltr'><strong>tentissimos</strong></span> <span class='ocrx_word' id='word_1_34' title='bbox 701 574 939 634; x_wconf 87' lang='lat' dir='ltr'><strong>civitatis</strong></span> <span class='ocrx_word' id='word_1_35' title='bbox 961 581 1130 652; x_wconf 88' lang='lat' dir='ltr'><strong>atque</strong></span> <span class='ocrx_word' id='word_1_36' title='bbox 1159 575 1325 633; x_wconf 87' lang='lat' dir='ltr'><strong>etiam</strong></span> <span class='ocrx_word' id='word_1_37' title='bbox 1350 571 1609 632; x_wconf 80' lang='lat' dir='ltr'>Caesaris</span> <span class='ocrx_word' id='word_1_38' title='bbox 1636 573 1878 638; x_wconf 89' lang='lat' dir='ltr'><strong>amicos;</strong></span> <span class='ocrx_word' id='word_1_39' title='bbox 1908 588 2051 649; x_wconf 88' lang='lat' dir='ltr'><strong>quae</strong></span> <span class='ocrx_word' id='word_1_40' title='bbox 2080 569 2301 647; x_wconf 88' lang='lat' dir='ltr'><strong>singula</strong></span> 
     </span>
    </p>

    <p class='ocr_par' dir='ltr' id='par_1_4' title="bbox 273 648 2452 819">
     <span class='ocr_line' id='line_1_7' title="bbox 273 648 2348 735; baseline 0 -22"><span class='ocrx_word' id='word_1_41' title='bbox 273 660 596 719; x_wconf 83' lang='lat' dir='ltr'><strong>4excutere</strong></span> <span class='ocrx_word' id='word_1_42' title='bbox 623 666 867 716; x_wconf 81' lang='lat' dir='ltr'><strong>mentem</strong></span> <span class='ocrx_word' id='word_1_43' title='bbox 893 656 1023 717; x_wconf 88' lang='lat' dir='ltr'><strong>mihi</strong></span> <span class='ocrx_word' id='word_1_44' title='bbox 1054 665 1186 735; x_wconf 90' lang='lat' dir='ltr'><strong>post</strong></span> <span class='ocrx_word' id='word_1_45' title='bbox 1217 666 1331 717; x_wconf 87' lang='lat' dir='ltr'><strong>tam</strong></span> <span class='ocrx_word' id='word_1_46' title='bbox 1361 658 1523 717; x_wconf 88' lang='lat' dir='ltr'><strong>triste</strong></span> <span class='ocrx_word' id='word_1_47' title='bbox 1549 658 1825 716; x_wconf 91' lang='lat' dir='ltr'><strong>somnium</strong></span> <span class='ocrx_word' id='word_1_48' title='bbox 1850 663 2129 735; x_wconf 87' lang='lat' dir='ltr'><strong>poterant.</strong></span> <span class='ocrx_word' id='word_1_49' title='bbox 2185 648 2296 731; x_wconf 84' lang='lat' dir='ltr'><strong>Egi</strong></span> <span class='ocrx_word' id='word_1_50' title='bbox 2313 660 2348 713; x_wconf 85' lang='lat'>5</span> 
     </span>
     <span class='ocr_line' id='line_1_8' title="bbox 321 734 2452 819; baseline -0.004 -15"><span class='ocrx_word' id='word_1_51' title='bbox 321 754 506 803; x_wconf 86' lang='lat' dir='ltr'><strong>tamen</strong></span> <span class='ocrx_word' id='word_1_52' title='bbox 532 743 609 802; x_wconf 78' lang='grc' dir='ltr'><strong>λο</strong></span> <span class='ocrx_word' id='word_1_53' title='bbox 657 734 965 819; x_wconf 80' lang='grc' dir='ltr'><strong><em>ισάμενος</em></strong></span> <span class='ocrx_word' id='word_1_54' title='bbox 990 739 1129 801; x_wconf 80' lang='lat' dir='ltr'><strong>illud</strong></span> <span class='ocrx_word' id='word_1_55' title='bbox 2441 760 2452 795; x_wconf 46' lang='lat' dir='ltr'><strong>t</strong></span> 
     </span>
    </p>

    <p class='ocr_par' dir='ltr' id='par_1_5' title="bbox 555 813 2452 903">
     <span class='ocr_line' id='line_1_9' title="bbox 555 813 2452 903; baseline -0.003 -19"><span class='ocrx_word' id='word_1_56' title='bbox 555 843 586 884; x_wconf 84' lang='grc' dir='ltr'><em>ε</em></span> <span class='ocrx_word' id='word_1_57' title='bbox 614 844 649 896; x_wconf 80' lang='grc' dir='ltr'><strong><em>ς</em></strong></span> <span class='ocrx_word' id='word_1_58' title='bbox 670 815 908 896; x_wconf 80' lang='grc' dir='ltr'><strong><em>οἰωνὸς</em></strong></span> <span class='ocrx_word' id='word_1_59' title='bbox 941 816 1205 901; x_wconf 78' lang='grc' dir='ltr'><strong><em>ἄριστος</em></strong></span> <span class='ocrx_word' id='word_1_60' title='bbox 1227 813 1612 903; x_wconf 81' lang='grc' dir='ltr'><strong><em>ἀμύνασθαι</em></strong></span> <span class='ocrx_word' id='word_1_61' title='bbox 1636 817 1786 899; x_wconf 80' lang='grc' dir='ltr'><strong><em>περὶ</em></strong></span> <span class='ocrx_word' id='word_1_62' title='bbox 1808 815 2075 902; x_wconf 80' lang='grc' dir='ltr'><strong><em>πάτρης.</em></strong></span> <span class='ocrx_word' id='word_1_63' title='bbox 2451 848 2452 853; x_wconf 41' lang='lat'>¹</span> 
     </span>
    </p>

    <p class='ocr_par' dir='ltr' id='par_1_6' title="bbox 321 904 2298 1071">
     <span class='ocr_line' id='line_1_10' title="bbox 321 904 2298 987; baseline -0.003 -18"><span class='ocrx_word' id='word_1_64' title='bbox 321 909 462 969; x_wconf 90' lang='lat' dir='ltr'><strong>Nam</strong></span> <span class='ocrx_word' id='word_1_65' title='bbox 487 909 618 968; x_wconf 89' lang='lat' dir='ltr'><strong>mihi</strong></span> <span class='ocrx_word' id='word_1_66' title='bbox 658 911 832 987; x_wconf 91' lang='lat' dir='ltr'><strong>patria</strong></span> <span class='ocrx_word' id='word_1_67' title='bbox 875 918 934 968; x_wconf 91' lang='lat' dir='ltr'><strong>et</strong></span> <span class='ocrx_word' id='word_1_68' title='bbox 970 911 1018 971; x_wconf 91' lang='lat' dir='ltr'><strong>si</strong></span> <span class='ocrx_word' id='word_1_69' title='bbox 1058 909 1192 987; x_wconf 89' lang='lat' dir='ltr'><strong>quid</strong></span> <span class='ocrx_word' id='word_1_70' title='bbox 1235 911 1418 969; x_wconf 83' lang='lat' dir='ltr'><strong>carius</strong></span> <span class='ocrx_word' id='word_1_71' title='bbox 1458 908 1599 969; x_wconf 87' lang='lat' dir='ltr'><strong>fides</strong></span> <span class='ocrx_word' id='word_1_72' title='bbox 1642 906 1957 967; x_wconf 87' lang='lat' dir='ltr'><strong>videbatur.</strong></span> <span class='ocrx_word' id='word_1_73' title='bbox 2017 904 2298 984; x_wconf 90' lang='lat' dir='ltr'><strong>Prospere</strong></span> 
     </span>
     <span class='ocr_line' id='line_1_11' title="bbox 324 987 2298 1071; baseline -0.002 -17"><span class='ocrx_word' id='word_1_74' title='bbox 324 995 531 1071; x_wconf 81' lang='lat' dir='ltr'><strong>cessit,</strong></span> <span class='ocrx_word' id='word_1_75' title='bbox 574 1002 741 1071; x_wconf 88' lang='lat' dir='ltr'><strong>atque</strong></span> <span class='ocrx_word' id='word_1_76' title='bbox 771 994 915 1053; x_wconf 84' lang='lat' dir='ltr'><strong>adeo</strong></span> <span class='ocrx_word' id='word_1_77' title='bbox 945 992 1040 1053; x_wconf 91' lang='lat' dir='ltr'><strong>illa</strong></span> <span class='ocrx_word' id='word_1_78' title='bbox 1067 995 1217 1052; x_wconf 86' lang='lat' dir='ltr'><strong>actio</strong></span> <span class='ocrx_word' id='word_1_79' title='bbox 1246 992 1388 1052; x_wconf 90' lang='lat' dir='ltr'><strong>mihi.</strong></span> <span class='ocrx_word' id='word_1_80' title='bbox 1411 1011 1575 1054; x_wconf 87' lang='lat' dir='ltr'><strong>aures</strong></span> <span class='ocrx_word' id='word_1_81' title='bbox 1604 991 1919 1068; x_wconf 87' lang='lat' dir='ltr'><strong>hominum,</strong></span> <span class='ocrx_word' id='word_1_82' title='bbox 1959 987 2057 1050; x_wconf 85' lang='lat' dir='ltr'><strong>illa</strong></span> <span class='ocrx_word' id='word_1_83' title='bbox 2082 991 2298 1050; x_wconf 86' lang='lat' dir='ltr'><strong>ianuam</strong></span> 
     </span>
    </p>

    <p class='ocr_par' dir='ltr' id='par_1_7' title="bbox 270 1074 2398 1325">
     <span class='ocr_line' id='line_1_12' title="bbox 270 1074 2386 1156; baseline -0.001 -22"><span class='ocrx_word' id='word_1_84' title='bbox 270 1083 301 1134; x_wconf 87' lang='lat'>5</span> <span class='ocrx_word' id='word_1_85' title='bbox 320 1078 498 1138; x_wconf 81' lang='lat' dir='ltr'><strong>famae</strong></span> <span class='ocrx_word' id='word_1_86' title='bbox 528 1076 819 1156; x_wconf 73' lang='lat' dir='ltr'><strong>patefecit.</strong></span> <span class='ocrx_word' id='word_1_87' title='bbox 876 1076 1114 1137; x_wconf 86' lang='lat' dir='ltr'><strong>Proinde</strong></span> <span class='ocrx_word' id='word_1_88' title='bbox 1144 1077 1364 1155; x_wconf 84' lang='lat' dir='ltr'><strong>dispice</strong></span> <span class='ocrx_word' id='word_1_89' title='bbox 1392 1094 1461 1136; x_wconf 90' lang='lat' dir='ltr'><strong>an</strong></span> <span class='ocrx_word' id='word_1_90' title='bbox 1490 1086 1548 1136; x_wconf 90' lang='lat' dir='ltr'><strong>tu</strong></span> <span class='ocrx_word' id='word_1_91' title='bbox 1579 1093 1806 1156; x_wconf 91' lang='lat' dir='ltr'><strong>quoque</strong></span> <span class='ocrx_word' id='word_1_92' title='bbox 1836 1075 1943 1135; x_wconf 87' lang='lat' dir='ltr'><strong>sub</strong></span> <span class='ocrx_word' id='word_1_93' title='bbox 1970 1074 2082 1134; x_wconf 90' lang='lat' dir='ltr'><strong>hoc</strong></span> <span class='ocrx_word' id='word_1_94' title='bbox 2110 1091 2298 1134; x_wconf 84' lang='lat' dir='ltr'><strong>exem·</strong></span> <span class='ocrx_word' id='word_1_95' title='bbox 2313 1081 2386 1133; x_wconf 85' lang='lat' dir='ltr'><strong>lo</strong></span> 
     </span>
     <span class='ocr_line' id='line_1_13' title="bbox 321 1156 2398 1241; baseline 0 -21"><span class='ocrx_word' id='word_1_96' title='bbox 321 1160 419 1241; x_wconf 92' lang='lat' dir='ltr'><strong>plo</strong></span> <span class='ocrx_word' id='word_1_97' title='bbox 458 1163 730 1221; x_wconf 90' lang='lat' dir='ltr'><strong>somnium</strong></span> <span class='ocrx_word' id='word_1_98' title='bbox 769 1161 916 1221; x_wconf 90' lang='lat' dir='ltr'><strong>istud</strong></span> <span class='ocrx_word' id='word_1_99' title='bbox 943 1163 1001 1221; x_wconf 92' lang='lat' dir='ltr'><strong>in</strong></span> <span class='ocrx_word' id='word_1_100' title='bbox 1029 1161 1237 1221; x_wconf 89' lang='lat' dir='ltr'><strong>bonum</strong></span> <span class='ocrx_word' id='word_1_101' title='bbox 1265 1170 1488 1238; x_wconf 85' lang='lat' dir='ltr'><strong>vertas,</strong></span> <span class='ocrx_word' id='word_1_102' title='bbox 1533 1170 1628 1221; x_wconf 90' lang='lat' dir='ltr'><strong>aut</strong></span> <span class='ocrx_word' id='word_1_103' title='bbox 1666 1161 1716 1221; x_wconf 88' lang='lat' dir='ltr'><strong>si</strong></span> <span class='ocrx_word' id='word_1_104' title='bbox 1752 1161 1921 1219; x_wconf 89' lang='lat' dir='ltr'><strong>tutius</strong></span> <span class='ocrx_word' id='word_1_105' title='bbox 1961 1167 2122 1238; x_wconf 84' lang='lat' dir='ltr'><strong>putas</strong></span> <span class='ocrx_word' id='word_1_106' title='bbox 2160 1156 2298 1217; x_wconf 91' lang='lat' dir='ltr'><strong>illud</strong></span> <span class='ocrx_word' id='word_1_107' title='bbox 2393 1213 2398 1221; x_wconf 93' lang='lat'><strong>.</strong></span> 
     </span>
     <span class='ocr_line' id='line_1_14' title="bbox 321 1240 2298 1325; baseline -0.003 -20"><span class='ocrx_word' id='word_1_108' title='bbox 321 1247 625 1306; x_wconf 78' lang='lat' dir='ltr'><strong>cautissimi</strong></span> <span class='ocrx_word' id='word_1_109' title='bbox 656 1246 927 1323; x_wconf 91' lang='lat' dir='ltr'><strong>cuiusque</strong></span> <span class='ocrx_word' id='word_1_110' title='bbox 956 1254 1324 1325; x_wconf 86' lang='lat' dir='ltr'><strong>praeceptum</strong></span> <span class='ocrx_word' id='word_1_111' title='bbox 1363 1245 1542 1324; x_wconf 76' lang='lat' dir='ltr'><strong>‘quod</strong></span> <span class='ocrx_word' id='word_1_112' title='bbox 1582 1244 1801 1305; x_wconf 81' lang='lat' dir='ltr'><strong>dubitas</strong></span> <span class='ocrx_word' id='word_1_113' title='bbox 1840 1262 1913 1303; x_wconf 86' lang='lat' dir='ltr'><strong>ne</strong></span> <span class='ocrx_word' id='word_1_114' title='bbox 1943 1243 2201 1318; x_wconf 83' lang='lat' dir='ltr'><strong>feceris&#39;,</strong></span> <span class='ocrx_word' id='word_1_115' title='bbox 2238 1240 2298 1300; x_wconf 91' lang='lat' dir='ltr'><strong>id</strong></span> 
     </span>
    </p>

    <p class='ocr_par' dir='ltr' id='par_1_8' title="bbox 272 1328 2379 1659">
     <span class='ocr_line' id='line_1_15' title="bbox 272 1328 2297 1410; baseline -0 -24"><span class='ocrx_word' id='word_1_116' title='bbox 272 1334 305 1386; x_wconf 88' lang='lat'>6</span> <span class='ocrx_word' id='word_1_117' title='bbox 322 1330 502 1408; x_wconf 90' lang='lat' dir='ltr'><strong>ipsum</strong></span> <span class='ocrx_word' id='word_1_118' title='bbox 530 1329 805 1389; x_wconf 88' lang='lat' dir='ltr'><strong>rescribe.</strong></span> <span class='ocrx_word' id='word_1_119' title='bbox 847 1328 974 1407; x_wconf 87' lang='lat' dir='ltr'><strong>Ego</strong></span> <span class='ocrx_word' id='word_1_120' title='bbox 1003 1330 1242 1410; x_wconf 90' lang='lat' dir='ltr'><strong>aliquam</strong></span> <span class='ocrx_word' id='word_1_121' title='bbox 1266 1329 1551 1408; x_wconf 85' lang='lat' dir='ltr'><strong>stropham</strong></span> <span class='ocrx_word' id='word_1_122' title='bbox 1572 1329 1848 1388; x_wconf 83' lang='lat' dir='ltr'><strong>inveniam</strong></span> <span class='ocrx_word' id='word_1_123' title='bbox 1866 1344 2139 1405; x_wconf 81' lang='lat' dir='ltr'><strong>agamque</strong></span> <span class='ocrx_word' id='word_1_124' title='bbox 2169 1344 2297 1386; x_wconf 89' lang='lat' dir='ltr'><strong>cau-</strong></span> 
     </span>
     <span class='ocr_line' id='line_1_16' title="bbox 319 1408 2298 1492; baseline -0.004 -19"><span class='ocrx_word' id='word_1_125' title='bbox 319 1432 436 1473; x_wconf 89' lang='lat' dir='ltr'><strong>sam</strong></span> <span class='ocrx_word' id='word_1_126' title='bbox 465 1423 610 1475; x_wconf 87' lang='lat' dir='ltr'><strong>tuam</strong></span> <span class='ocrx_word' id='word_1_127' title='bbox 628 1440 655 1490; x_wconf 80' lang='lat'><strong>,-</strong></span> <span class='ocrx_word' id='word_1_128' title='bbox 683 1423 742 1472; x_wconf 90' lang='lat' dir='ltr'><strong>ut</strong></span> <span class='ocrx_word' id='word_1_129' title='bbox 772 1415 950 1492; x_wconf 90' lang='lat' dir='ltr'><strong>ipsam</strong></span> <span class='ocrx_word' id='word_1_130' title='bbox 989 1433 1161 1491; x_wconf 84' lang='lat' dir='ltr'><strong>agere</strong></span> <span class='ocrx_word' id='word_1_131' title='bbox 1203 1421 1294 1488; x_wconf 91' lang='lat' dir='ltr'><strong>tu,</strong></span> <span class='ocrx_word' id='word_1_132' title='bbox 1342 1431 1466 1473; x_wconf 90' lang='lat' dir='ltr'><strong>cum</strong></span> <span class='ocrx_word' id='word_1_133' title='bbox 1500 1413 1700 1488; x_wconf 87' lang='lat' dir='ltr'><strong>voles,</strong></span> <span class='ocrx_word' id='word_1_134' title='bbox 1743 1412 1953 1490; x_wconf 89' lang='lat' dir='ltr'><strong>possis.</strong></span> <span class='ocrx_word' id='word_1_135' title='bbox 2018 1408 2123 1470; x_wconf 90' lang='lat' dir='ltr'><strong>Est</strong></span> <span class='ocrx_word' id='word_1_136' title='bbox 2151 1410 2298 1469; x_wconf 90' lang='lat' dir='ltr'><strong>enim</strong></span> 
     </span>
     <span class='ocr_line' id='line_1_17' title="bbox 319 1492 2379 1573; baseline -0.003 -16"><span class='ocrx_word' id='word_1_137' title='bbox 319 1515 453 1557; x_wconf 89' lang='lat' dir='ltr'><strong>sane</strong></span> <span class='ocrx_word' id='word_1_138' title='bbox 484 1494 595 1557; x_wconf 68' lang='lat' dir='ltr'><strong>alia&#39;</strong></span> <span class='ocrx_word' id='word_1_139' title='bbox 619 1498 758 1557; x_wconf 80' lang='lat' dir='ltr'><strong>ratio</strong></span> <span class='ocrx_word' id='word_1_140' title='bbox 788 1506 913 1573; x_wconf 91' lang='lat' dir='ltr'><strong>tua,</strong></span> <span class='ocrx_word' id='word_1_141' title='bbox 958 1496 1064 1557; x_wconf 91' lang='lat' dir='ltr'><strong>alia</strong></span> <span class='ocrx_word' id='word_1_142' title='bbox 1091 1515 1216 1557; x_wconf 91' lang='lat' dir='ltr'><strong>mea</strong></span> <span class='ocrx_word' id='word_1_143' title='bbox 1245 1496 1366 1555; x_wconf 83' lang='lat' dir='ltr'><strong>fuit.</strong></span> <span class='ocrx_word' id='word_1_144' title='bbox 1427 1496 1567 1556; x_wconf 91' lang='lat' dir='ltr'><strong>Nam</strong></span> <span class='ocrx_word' id='word_1_145' title='bbox 1595 1496 1855 1556; x_wconf 90' lang='lat' dir='ltr'><strong>iudicium</strong></span> <span class='ocrx_word' id='word_1_146' title='bbox 1894 1492 2292 1555; x_wconf 85' lang='lat' dir='ltr'><strong>centumvirale</strong></span> <span class='ocrx_word' id='word_1_147' title='bbox 2315 1505 2379 1558; x_wconf 77' lang='lat'><strong>15</strong></span> 
     </span>
     <span class='ocr_line' id='line_1_18' title="bbox 321 1576 2294 1659; baseline -0.002 -20"><span class='ocrx_word' id='word_1_148' title='bbox 321 1580 528 1641; x_wconf 85' lang='lat' dir='ltr'><strong>differri</strong></span> <span class='ocrx_word' id='word_1_149' title='bbox 549 1580 702 1641; x_wconf 90' lang='lat' dir='ltr'><strong>nullo</strong></span> <span class='ocrx_word' id='word_1_150' title='bbox 724 1580 913 1659; x_wconf 91' lang='lat' dir='ltr'><strong>modo,</strong></span> <span class='ocrx_word' id='word_1_151' title='bbox 941 1582 1087 1642; x_wconf 92' lang='lat' dir='ltr'><strong>istud</strong></span> <span class='ocrx_word' id='word_1_152' title='bbox 1109 1598 1285 1658; x_wconf 85' lang='lat' dir='ltr'><strong>aegre</strong></span> <span class='ocrx_word' id='word_1_153' title='bbox 1308 1581 1534 1658; x_wconf 89' lang='lat' dir='ltr'><strong>quidem</strong></span> <span class='ocrx_word' id='word_1_154' title='bbox 1556 1581 1660 1641; x_wconf 88' lang='lat' dir='ltr'><strong>sed</strong></span> <span class='ocrx_word' id='word_1_155' title='bbox 1683 1589 1866 1640; x_wconf 91' lang='lat' dir='ltr'><strong>tamen</strong></span> <span class='ocrx_word' id='word_1_156' title='bbox 1889 1587 2100 1657; x_wconf 89' lang='lat' dir='ltr'><strong>potest.</strong></span> <span class='ocrx_word' id='word_1_157' title='bbox 2129 1576 2294 1637; x_wconf 87' lang='lat' dir='ltr'><strong>Vale.</strong></span> 
     </span>
    </p>
   </div>
   <div class='ocr_carea' id='block_1_4' title="bbox 734 1713 1879 1867">
    <p class='ocr_par' dir='ltr' id='par_1_9' title="bbox 734 1713 1879 1867">
     <span class='ocr_line' id='line_1_19' title="bbox 1244 1713 1424 1775; baseline -0.006 -1"><span class='ocrx_word' id='word_1_158' title='bbox 1244 1715 1322 1775; x_wconf 90' lang='lat' dir='ltr'><strong>VI</strong></span> <span class='ocrx_word' id='word_1_159' title='bbox 1379 1713 1424 1774; x_wconf 88' lang='lat'><strong>1.</strong></span> 
     </span>
     <span class='ocr_line' id='line_1_20' title="bbox 734 1715 1879 1867; baseline 0 -4"><span class='ocrx_word' id='word_1_160' title='bbox 734 1813 787 1867; x_wconf 81' lang='lat' dir='ltr'><strong>c,</strong></span> <span class='ocrx_word' id='word_1_161' title='bbox 827 1812 1076 1865; x_wconf 80' lang='lat' dir='ltr'><strong>Pmes</strong></span> <span class='ocrx_word' id='word_1_162' title='bbox 1112 1715 1401 1865; x_wconf 47' lang='grc' dir='ltr'><strong>ΒοῇΑΤΙῙΙο</strong></span> <span class='ocrx_word' id='word_1_163' title='bbox 1437 1812 1633 1865; x_wconf 84' lang='lat' dir='ltr'>FIRMO</span> <span class='ocrx_word' id='word_1_164' title='bbox 1670 1812 1789 1864; x_wconf 82' lang='lat' dir='ltr'><strong>suo</strong></span> <span class='ocrx_word' id='word_1_165' title='bbox 1826 1810 1879 1863; x_wconf 77' lang='lat' dir='ltr'><strong>s,</strong></span> 
     </span>
    </p>
   </div>
   <div class='ocr_carea' id='block_1_5' title="bbox 269 1912 2453 2835">
    <p class='ocr_par' dir='ltr' id='par_1_10' title="bbox 278 1912 2382 2248">
     <span class='ocr_line' id='line_1_21' title="bbox 278 1912 2382 1996; baseline 0.001 -26"><span class='ocrx_word' id='word_1_166' title='bbox 278 1919 307 1970; x_wconf 95' lang='lat'>1</span> <span class='ocrx_word' id='word_1_167' title='bbox 449 1912 742 1995; x_wconf 85' lang='lat' dir='ltr'><strong>Municeps</strong></span> <span class='ocrx_word' id='word_1_168' title='bbox 784 1925 844 1975; x_wconf 91' lang='lat' dir='ltr'><strong>tu</strong></span> <span class='ocrx_word' id='word_1_169' title='bbox 881 1936 1040 1978; x_wconf 87' lang='lat' dir='ltr'><strong>meus</strong></span> <span class='ocrx_word' id='word_1_170' title='bbox 1083 1928 1143 1978; x_wconf 93' lang='lat' dir='ltr'><strong>et</strong></span> <span class='ocrx_word' id='word_1_171' title='bbox 1187 1916 1606 1996; x_wconf 88' lang='lat' dir='ltr'><strong>condiscipulus</strong></span> <span class='ocrx_word' id='word_1_172' title='bbox 1645 1925 1704 1975; x_wconf 90' lang='lat' dir='ltr'><strong>et</strong></span> <span class='ocrx_word' id='word_1_173' title='bbox 1746 1913 1817 1974; x_wconf 91' lang='lat' dir='ltr'><strong>ab</strong></span> <span class='ocrx_word' id='word_1_174' title='bbox 1847 1915 2073 1974; x_wconf 89' lang='lat' dir='ltr'><strong>ineunte</strong></span> <span class='ocrx_word' id='word_1_175' title='bbox 2113 1919 2382 1972; x_wconf 79' lang='lat' dir='ltr'><strong>aetate20</strong></span> 
     </span>
     <span class='ocr_line' id='line_1_22' title="bbox 319 1997 2292 2079; baseline -0.002 -21"><span class='ocrx_word' id='word_1_176' title='bbox 319 1999 757 2075; x_wconf 73' lang='lat' dir='ltr'><strong>contubernalis,</strong></span> <span class='ocrx_word' id='word_1_177' title='bbox 787 2010 950 2079; x_wconf 88' lang='lat' dir='ltr'><strong>pater</strong></span> <span class='ocrx_word' id='word_1_178' title='bbox 975 2011 1105 2063; x_wconf 90' lang='lat' dir='ltr'><strong>tuus</strong></span> <span class='ocrx_word' id='word_1_179' title='bbox 1135 2012 1193 2062; x_wconf 88' lang='lat' dir='ltr'><strong>et</strong></span> <span class='ocrx_word' id='word_1_180' title='bbox 1212 2004 1373 2062; x_wconf 91' lang='lat' dir='ltr'><strong>matri</strong></span> <span class='ocrx_word' id='word_1_181' title='bbox 1395 2011 1453 2061; x_wconf 88' lang='lat' dir='ltr'><strong>et</strong></span> <span class='ocrx_word' id='word_1_182' title='bbox 1473 1997 1750 2059; x_wconf 84' lang='lat' dir='ltr'><strong>avunculo</strong></span> <span class='ocrx_word' id='word_1_183' title='bbox 1769 2016 1920 2073; x_wconf 87' lang='lat' dir='ltr'><strong>meo,</strong></span> <span class='ocrx_word' id='word_1_184' title='bbox 1951 1997 2082 2058; x_wconf 87' lang='lat' dir='ltr'><strong>mihi</strong></span> <span class='ocrx_word' id='word_1_185' title='bbox 2104 1998 2292 2073; x_wconf 89' lang='lat' dir='ltr'><strong>etiam,</strong></span> 
     </span>
     <span class='ocr_line' id='line_1_23' title="bbox 319 2083 2295 2163; baseline -0.001 -20"><span class='ocrx_word' id='word_1_186' title='bbox 319 2094 582 2163; x_wconf 89' lang='lat' dir='ltr'><strong>quantum</strong></span> <span class='ocrx_word' id='word_1_187' title='bbox 600 2085 800 2145; x_wconf 89' lang='lat' dir='ltr'><strong>aetatis</strong></span> <span class='ocrx_word' id='word_1_188' title='bbox 819 2085 1126 2159; x_wconf 69' lang='lat' dir='ltr'><strong>,diversitas</strong></span> <span class='ocrx_word' id='word_1_189' title='bbox 1157 2101 1324 2162; x_wconf 90' lang='lat' dir='ltr'><strong>passa</strong></span> <span class='ocrx_word' id='word_1_190' title='bbox 1353 2094 1464 2160; x_wconf 88' lang='lat' dir='ltr'><strong>est,</strong></span> <span class='ocrx_word' id='word_1_191' title='bbox 1494 2083 1799 2152; x_wconf 77' lang='lat' dir='ltr'><strong>familiaris3</strong></span> <span class='ocrx_word' id='word_1_192' title='bbox 1827 2100 2059 2158; x_wconf 80' lang='lat' dir='ltr'><strong>magnae</strong></span> <span class='ocrx_word' id='word_1_193' title='bbox 2090 2089 2149 2141; x_wconf 90' lang='lat' dir='ltr'><strong>et</strong></span> <span class='ocrx_word' id='word_1_194' title='bbox 2169 2098 2295 2157; x_wconf 85' lang='lat' dir='ltr'><strong>gra·</strong></span> 
     </span>
     <span class='ocr_line' id='line_1_24' title="bbox 318 2164 2294 2248; baseline -0.001 -23"><span class='ocrx_word' id='word_1_195' title='bbox 318 2186 421 2226; x_wconf 85' lang='lat' dir='ltr'><strong>ves</strong></span> <span class='ocrx_word' id='word_1_196' title='bbox 469 2184 673 2226; x_wconf 90' lang='lat' dir='ltr'><strong>causae</strong></span> <span class='ocrx_word' id='word_1_197' title='bbox 720 2186 821 2227; x_wconf 92' lang='lat' dir='ltr'><strong>cur</strong></span> <span class='ocrx_word' id='word_1_198' title='bbox 877 2170 1172 2248; x_wconf 88' lang='lat' dir='ltr'><strong>suscipere</strong></span> <span class='ocrx_word' id='word_1_199' title='bbox 1221 2185 1433 2245; x_wconf 88' lang='lat' dir='ltr'><strong>augere</strong></span> <span class='ocrx_word' id='word_1_200' title='bbox 1475 2167 1799 2247; x_wconf 86' lang='lat' dir='ltr'><strong>dignitatem</strong></span> <span class='ocrx_word' id='word_1_201' title='bbox 1841 2176 1989 2226; x_wconf 90' lang='lat' dir='ltr'><strong>tuam</strong></span> <span class='ocrx_word' id='word_1_202' title='bbox 2037 2164 2294 2225; x_wconf 88' lang='lat' dir='ltr'><strong>debeam.</strong></span> 
     </span>
    </p>

    <p class='ocr_par' dir='ltr' id='par_1_11' title="bbox 271 2248 2377 2498">
     <span class='ocr_line' id='line_1_25' title="bbox 271 2248 2296 2328; baseline 0.002 -24"><span class='ocrx_word' id='word_1_203' title='bbox 271 2254 305 2304; x_wconf 85' lang='lat'><strong>2</strong></span> <span class='ocrx_word' id='word_1_204' title='bbox 319 2249 467 2309; x_wconf 88' lang='lat' dir='ltr'><strong>Esse</strong></span> <span class='ocrx_word' id='word_1_205' title='bbox 490 2258 674 2309; x_wconf 86' lang='lat' dir='ltr'><strong>autem</strong></span> <span class='ocrx_word' id='word_1_206' title='bbox 704 2250 804 2309; x_wconf 87' lang='lat' dir='ltr'><strong>tibi</strong></span> <span class='ocrx_word' id='word_1_207' title='bbox 835 2260 1057 2310; x_wconf 90' lang='lat' dir='ltr'><strong>centum</strong></span> <span class='ocrx_word' id='word_1_208' title='bbox 1079 2249 1289 2310; x_wconf 90' lang='lat' dir='ltr'><strong>milium</strong></span> <span class='ocrx_word' id='word_1_209' title='bbox 1319 2270 1554 2313; x_wconf 91' lang='lat' dir='ltr'><strong>censum</strong></span> <span class='ocrx_word' id='word_1_210' title='bbox 1579 2254 1720 2311; x_wconf 68' lang='lat' dir='ltr'><strong>satis·</strong></span> <span class='ocrx_word' id='word_1_211' title='bbox 1742 2250 1950 2311; x_wconf 83' lang='lat' dir='ltr'><strong>indicat</strong></span> <span class='ocrx_word' id='word_1_212' title='bbox 1972 2248 2124 2328; x_wconf 91' lang='lat' dir='ltr'><strong>quod</strong></span> <span class='ocrx_word' id='word_1_213' title='bbox 2145 2248 2296 2327; x_wconf 88' lang='lat' dir='ltr'><strong>apud</strong></span> 
     </span>
     <span class='ocr_line' id='line_1_26' title="bbox 316 2332 2377 2411; baseline 0.002 -19"><span class='ocrx_word' id='word_1_214' title='bbox 316 2351 421 2393; x_wconf 90' lang='lat' dir='ltr'><strong>nos</strong></span> <span class='ocrx_word' id='word_1_215' title='bbox 452 2332 682 2393; x_wconf 89' lang='lat' dir='ltr'><strong>decurio</strong></span> <span class='ocrx_word' id='word_1_216' title='bbox 712 2353 797 2394; x_wconf 90' lang='lat' dir='ltr'><strong>es.</strong></span> <span class='ocrx_word' id='word_1_217' title='bbox 844 2333 1022 2411; x_wconf 80' lang='lat' dir='ltr'><strong>Igitur</strong></span> <span class='ocrx_word' id='word_1_218' title='bbox 1047 2344 1107 2394; x_wconf 91' lang='lat' dir='ltr'><strong>ut</strong></span> <span class='ocrx_word' id='word_1_219' title='bbox 1134 2345 1194 2395; x_wconf 88' lang='lat' dir='ltr'><strong>te</strong></span> <span class='ocrx_word' id='word_1_220' title='bbox 1222 2352 1334 2397; x_wconf 87' lang='lat' dir='ltr'><strong>non</strong></span> <span class='ocrx_word' id='word_1_221' title='bbox 1363 2335 1666 2396; x_wconf 87' lang='lat' dir='ltr'><strong>decurione</strong></span> <span class='ocrx_word' id='word_1_222' title='bbox 1695 2334 1875 2395; x_wconf 90' lang='lat' dir='ltr'><strong>solum</strong></span> <span class='ocrx_word' id='word_1_223' title='bbox 1905 2351 2101 2394; x_wconf 85' lang='lat' dir='ltr'><strong>verum</strong></span> <span class='ocrx_word' id='word_1_224' title='bbox 2127 2335 2295 2393; x_wconf 88' lang='lat' dir='ltr'><strong>etiam</strong></span> <span class='ocrx_word' id='word_1_225' title='bbox 2310 2344 2377 2396; x_wconf 79' lang='lat'><strong>25</strong></span> 
     </span>
     <span class='ocr_line' id='line_1_27' title="bbox 318 2416 2293 2498; baseline 0 -21"><span class='ocrx_word' id='word_1_226' title='bbox 318 2419 510 2495; x_wconf 86' lang='lat' dir='ltr'><strong>equite</strong></span> <span class='ocrx_word' id='word_1_227' title='bbox 537 2416 790 2476; x_wconf 88' lang='lat' dir='ltr'><strong>Romano</strong></span> <span class='ocrx_word' id='word_1_228' title='bbox 818 2417 1187 2496; x_wconf 82' lang='lat' dir='ltr'><strong>perfruamur,</strong></span> <span class='ocrx_word' id='word_1_229' title='bbox 1231 2418 1411 2480; x_wconf 80' lang='lat' dir='ltr'><strong>offero</strong></span> <span class='ocrx_word' id='word_1_230' title='bbox 1441 2421 1542 2480; x_wconf 89' lang='lat' dir='ltr'><strong>tibi</strong></span> <span class='ocrx_word' id='word_1_231' title='bbox 1570 2420 1639 2480; x_wconf 88' lang='lat' dir='ltr'><strong>ad</strong></span> <span class='ocrx_word' id='word_1_232' title='bbox 1667 2418 1961 2498; x_wconf 88' lang='lat' dir='ltr'><strong>inplendas</strong></span> <span class='ocrx_word' id='word_1_233' title='bbox 1990 2427 2293 2496; x_wconf 83' lang='lat' dir='ltr'><strong>equestres</strong></span> 
     </span>
    </p>

    <p class='ocr_par' dir='ltr' id='par_1_12' title="bbox 269 2499 2453 2835">
     <span class='ocr_line' id='line_1_28' title="bbox 269 2499 2294 2565; baseline 0.003 -12"><span class='ocrx_word' id='word_1_234' title='bbox 269 2499 617 2559; x_wconf 83' lang='lat' dir='ltr'><strong>3i&#39;acultates</strong></span> <span class='ocrx_word' id='word_1_235' title='bbox 646 2509 900 2560; x_wconf 89' lang='lat' dir='ltr'><strong>trecenta</strong></span> <span class='ocrx_word' id='word_1_236' title='bbox 926 2500 1080 2561; x_wconf 89' lang='lat' dir='ltr'><strong>milia</strong></span> <span class='ocrx_word' id='word_1_237' title='bbox 1105 2520 1403 2563; x_wconf 88' lang='lat' dir='ltr'><strong>nummum.</strong></span> <span class='ocrx_word' id='word_1_238' title='bbox 1464 2503 1545 2564; x_wconf 88' lang='lat' dir='ltr'><strong>Te</strong></span> <span class='ocrx_word' id='word_1_239' title='bbox 1572 2520 1878 2565; x_wconf 88' lang='lat' dir='ltr'><strong>memorem</strong></span> <span class='ocrx_word' id='word_1_240' title='bbox 1904 2502 2071 2563; x_wconf 84' lang='lat' dir='ltr'><strong>huius</strong></span> <span class='ocrx_word' id='word_1_241' title='bbox 2096 2519 2294 2561; x_wconf 89' lang='lat' dir='ltr'><strong>mune·</strong></span> 
     </span>
     <span class='ocr_line' id='line_1_29' title="bbox 314 2585 2295 2667; baseline 0.002 -26"><span class='ocrx_word' id='word_1_242' title='bbox 314 2585 395 2644; x_wconf 89' lang='lat' dir='ltr'><strong>ris</strong></span> <span class='ocrx_word' id='word_1_243' title='bbox 429 2585 704 2644; x_wconf 87' lang='lat' dir='ltr'><strong>amicitiae</strong></span> <span class='ocrx_word' id='word_1_244' title='bbox 728 2593 952 2646; x_wconf 90' lang='lat' dir='ltr'><strong>nostrae</strong></span> <span class='ocrx_word' id='word_1_245' title='bbox 978 2586 1305 2648; x_wconf 89' lang='lat' dir='ltr'><strong>diuturnitas</strong></span> <span class='ocrx_word' id='word_1_246' title='bbox 1339 2589 1614 2667; x_wconf 83' lang='lat' dir='ltr'><strong>spondet:</strong></span> <span class='ocrx_word' id='word_1_247' title='bbox 1652 2604 1767 2666; x_wconf 89' lang='lat' dir='ltr'><strong>ego</strong></span> <span class='ocrx_word' id='word_1_248' title='bbox 1794 2606 1867 2648; x_wconf 91' lang='lat' dir='ltr'><strong>ne</strong></span> <span class='ocrx_word' id='word_1_249' title='bbox 1896 2585 2036 2647; x_wconf 89' lang='lat' dir='ltr'><strong>illud</strong></span> <span class='ocrx_word' id='word_1_250' title='bbox 2064 2585 2295 2664; x_wconf 89' lang='lat' dir='ltr'><strong>quidem</strong></span> 
     </span>
     <span class='ocr_line' id='line_1_30' title="bbox 314 2667 2291 2750; baseline 0.001 -23"><span class='ocrx_word' id='word_1_251' title='bbox 314 2667 610 2746; x_wconf 88' lang='lat' dir='ltr'><strong>admoneo,</strong></span> <span class='ocrx_word' id='word_1_252' title='bbox 645 2668 796 2745; x_wconf 87' lang='lat' dir='ltr'><strong>quod</strong></span> <span class='ocrx_word' id='word_1_253' title='bbox 823 2667 1122 2742; x_wconf 83' lang='lat' dir='ltr'><strong>admonere</strong></span> <span class='ocrx_word' id='word_1_254' title='bbox 1155 2670 1456 2750; x_wconf 89' lang='lat' dir='ltr'><strong>deberem,</strong></span> <span class='ocrx_word' id='word_1_255' title='bbox 1497 2674 1604 2733; x_wconf 89' lang='lat' dir='ltr'><strong>nisi</strong></span> <span class='ocrx_word' id='word_1_256' title='bbox 1634 2674 1841 2733; x_wconf 89' lang='lat' dir='ltr'><strong>scirem</strong></span> <span class='ocrx_word' id='word_1_257' title='bbox 1875 2679 2080 2750; x_wconf 88' lang='lat' dir='ltr'><strong>sponte</strong></span> <span class='ocrx_word' id='word_1_258' title='bbox 2110 2670 2291 2730; x_wconf 87' lang='lat' dir='ltr'><strong>factu-</strong></span> 
     </span>
     <span class='ocr_line' id='line_1_31' title="bbox 315 2751 2453 2835; baseline 0.001 -25"><span class='ocrx_word' id='word_1_259' title='bbox 315 2769 455 2829; x_wconf 92' lang='lat' dir='ltr'><strong>rum,</strong></span> <span class='ocrx_word' id='word_1_260' title='bbox 495 2763 554 2812; x_wconf 92' lang='lat' dir='ltr'><strong>ut</strong></span> <span class='ocrx_word' id='word_1_261' title='bbox 586 2751 855 2829; x_wconf 88' lang='lat' dir='ltr'><strong>dignitate</strong></span> <span class='ocrx_word' id='word_1_262' title='bbox 883 2770 914 2811; x_wconf 87' lang='lat' dir='ltr'><strong>a</strong></span> <span class='ocrx_word' id='word_1_263' title='bbox 941 2773 1028 2813; x_wconf 89' lang='lat' dir='ltr'><strong>me</strong></span> <span class='ocrx_word' id='word_1_264' title='bbox 1059 2754 1183 2815; x_wconf 88' lang='lat' dir='ltr'><strong>data</strong></span> <span class='ocrx_word' id='word_1_265' title='bbox 1205 2773 1370 2835; x_wconf 88' lang='lat' dir='ltr'><strong>quam</strong></span> <span class='ocrx_word' id='word_1_266' title='bbox 1398 2757 1835 2833; x_wconf 88' lang='lat' dir='ltr'><strong>modestissime,</strong></span> <span class='ocrx_word' id='word_1_267' title='bbox 1870 2765 1930 2815; x_wconf 89' lang='lat' dir='ltr'><strong>ut</strong></span> <span class='ocrx_word' id='word_1_268' title='bbox 1959 2773 1991 2814; x_wconf 89' lang='lat' dir='ltr'><strong>a</strong></span> <span class='ocrx_word' id='word_1_269' title='bbox 2020 2773 2110 2814; x_wconf 88' lang='lat' dir='ltr'><strong>me</strong></span> <span class='ocrx_word' id='word_1_270' title='bbox 2141 2754 2289 2829; x_wconf 88' lang='lat' dir='ltr'><strong>data,</strong></span> <span class='ocrx_word' id='word_1_271' title='bbox 2305 2759 2376 2813; x_wconf 81' lang='lat'><strong>30</strong></span> <span class='ocrx_word' id='word_1_272' title='bbox 2445 2781 2453 2812; x_wconf 62' lang='lat'><strong><em>⁴</em></strong></span> 
     </span>
    </p>
   </div>
   <div class='ocr_carea' id='block_1_6' title="bbox 266 2834 2290 2987">
    <p class='ocr_par' dir='ltr' id='par_1_13' title="bbox 266 2834 2290 2987">
     <span class='ocr_line' id='line_1_32' title="bbox 266 2834 2290 2920; baseline 0.001 -25"><span class='ocrx_word' id='word_1_273' title='bbox 266 2844 303 2896; x_wconf 83' lang='lat'>4</span> <span class='ocrx_word' id='word_1_274' title='bbox 321 2846 495 2895; x_wconf 87' lang='lat' dir='ltr'><strong>utare.</strong></span> <span class='ocrx_word' id='word_1_275' title='bbox 536 2835 674 2896; x_wconf 90' lang='lat' dir='ltr'><strong>Nam</strong></span> <span class='ocrx_word' id='word_1_276' title='bbox 705 2834 1000 2898; x_wconf 89' lang='lat' dir='ltr'><strong>sollicitius</strong></span> <span class='ocrx_word' id='word_1_277' title='bbox 1029 2840 1430 2902; x_wconf 86' lang='lat' dir='ltr'><strong>custodiendus</strong></span> <span class='ocrx_word' id='word_1_278' title='bbox 1453 2851 1542 2902; x_wconf 87' lang='lat' dir='ltr'><strong>est</strong></span> <span class='ocrx_word' id='word_1_279' title='bbox 1568 2841 1750 2902; x_wconf 89' lang='lat' dir='ltr'><strong>honor</strong></span> <span class='ocrx_word' id='word_1_280' title='bbox 1775 2843 1832 2901; x_wconf 92' lang='lat' dir='ltr'><strong>in</strong></span> <span class='ocrx_word' id='word_1_281' title='bbox 1862 2857 1973 2920; x_wconf 88' lang='lat' dir='ltr'><strong>quo</strong></span> <span class='ocrx_word' id='word_1_282' title='bbox 1998 2840 2163 2900; x_wconf 89' lang='lat' dir='ltr'><strong>etiam</strong></span> <span class='ocrx_word' id='word_1_283' title='bbox 2186 2838 2290 2898; x_wconf 89' lang='lat' dir='ltr'><strong>be-</strong></span> 
     </span>
     <span class='ocr_line' id='line_1_33' title="bbox 313 2921 1407 2987; baseline 0.005 -8"><span class='ocrx_word' id='word_1_284' title='bbox 313 2921 571 2981; x_wconf 85' lang='lat' dir='ltr'><strong>neficium</strong></span> <span class='ocrx_word' id='word_1_285' title='bbox 602 2921 763 2980; x_wconf 87' lang='lat' dir='ltr'><strong>amici</strong></span> <span class='ocrx_word' id='word_1_286' title='bbox 792 2921 1055 2982; x_wconf 88' lang='lat' dir='ltr'><strong>tuendum</strong></span> <span class='ocrx_word' id='word_1_287' title='bbox 1082 2933 1190 2984; x_wconf 91' lang='lat' dir='ltr'><strong>est.</strong></span> <span class='ocrx_word' id='word_1_288' title='bbox 1239 2923 1407 2987; x_wconf 62' lang='lat' dir='ltr'><strong>‚Vale.</strong></span> 
     </span>
    </p>
   </div>
   <div class='ocr_carea' id='block_1_7' title="bbox 706 3057 2372 3237">
    <p class='ocr_par' dir='ltr' id='par_1_14' title="bbox 706 3057 2372 3237">
     <span class='ocr_line' id='line_1_34' title="bbox 706 3057 2372 3237; baseline 0.002 -33"><span class='ocrx_word' id='word_1_289' title='bbox 706 3153 759 3205; x_wconf 84' lang='lat' dir='ltr'><strong>o.</strong></span> <span class='ocrx_word' id='word_1_290' title='bbox 796 3153 1042 3208; x_wconf 81' lang='lat' dir='ltr'><strong>PL1N1us</strong></span> <span class='ocrx_word' id='word_1_291' title='bbox 1078 3057 1391 3206; x_wconf 45' lang='lat' dir='ltr'><strong>conuyrffi&#39;o</strong></span> <span class='ocrx_word' id='word_1_292' title='bbox 1424 3154 1653 3207; x_wconf 73' lang='lat' dir='ltr'><strong>rAcrro</strong></span> <span class='ocrx_word' id='word_1_293' title='bbox 1690 3154 1809 3209; x_wconf 84' lang='lat' dir='ltr'><strong>suo</strong></span> <span class='ocrx_word' id='word_1_294' title='bbox 1845 3140 1900 3207; x_wconf 77' lang='grc' dir='ltr'><strong>ε’.</strong></span> <span class='ocrx_word' id='word_1_295' title='bbox 2304 3182 2372 3237; x_wconf 71' lang='lat'><strong>35</strong></span> 
     </span>
    </p>
   </div>
   <div class='ocr_carea' id='block_1_8' title="bbox 261 3221 2287 3507">
    <p class='ocr_par' dir='ltr' id='par_1_15' title="bbox 261 3221 2287 3507">
     <span class='ocr_line' id='line_1_35' title="bbox 265 3221 2287 3337; baseline 0 -20"><span class='ocrx_word' id='word_1_296' title='bbox 265 3266 295 3317; x_wconf 94' lang='lat'>1</span> <span class='ocrx_word' id='word_1_297' title='bbox 436 3252 886 3333; x_wconf 88' lang='lat' dir='ltr'><strong>Frequens.mihi</strong></span> <span class='ocrx_word' id='word_1_298' title='bbox 915 3257 1217 3336; x_wconf 85' lang='lat' dir='ltr'><strong>disputatio</strong></span> <span class='ocrx_word' id='word_1_299' title='bbox 1246 3265 1337 3318; x_wconf 88' lang='lat' dir='ltr'><strong>est</strong></span> <span class='ocrx_word' id='word_1_300' title='bbox 1365 3274 1491 3317; x_wconf 89' lang='lat' dir='ltr'><strong>cum</strong></span> <span class='ocrx_word' id='word_1_301' title='bbox 1519 3257 1756 3337; x_wconf 88' lang='lat' dir='ltr'><strong>quodam</strong></span> <span class='ocrx_word' id='word_1_302' title='bbox 1784 3257 1955 3319; x_wconf 89' lang='lat' dir='ltr'><strong>docto</strong></span> <span class='ocrx_word' id='word_1_303' title='bbox 1978 3221 2206 3319; x_wconf 73' lang='lat' dir='ltr'><strong>bomine⁴</strong></span> <span class='ocrx_word' id='word_1_304' title='bbox 2228 3267 2287 3318; x_wconf 88' lang='lat' dir='ltr'><strong>et</strong></span> 
     </span>
     <span class='ocr_line' id='line_1_36' title="bbox 309 3340 2284 3420; baseline 0.001 -23"><span class='ocrx_word' id='word_1_305' title='bbox 309 3341 529 3417; x_wconf 90' lang='lat' dir='ltr'><strong>perito,</strong></span> <span class='ocrx_word' id='word_1_306' title='bbox 576 3341 664 3400; x_wconf 90' lang='lat' dir='ltr'><strong>cui</strong></span> <span class='ocrx_word' id='word_1_307' title='bbox 705 3341 839 3401; x_wconf 87' lang='lat' dir='ltr'><strong>nihil</strong></span> <span class='ocrx_word' id='word_1_308' title='bbox 879 3359 1061 3419; x_wconf 88' lang='lat' dir='ltr'><strong>aeque</strong></span> <span class='ocrx_word' id='word_1_309' title='bbox 1102 3343 1160 3401; x_wconf 90' lang='lat' dir='ltr'><strong>in</strong></span> <span class='ocrx_word' id='word_1_310' title='bbox 1202 3342 1387 3401; x_wconf 85' lang='lat' dir='ltr'><strong>causis</strong></span> <span class='ocrx_word' id='word_1_311' title='bbox 1427 3343 1663 3419; x_wconf 86' lang='lat' dir='ltr'><strong>agendis</strong></span> <span class='ocrx_word' id='word_1_312' title='bbox 1704 3351 1764 3402; x_wconf 89' lang='lat' dir='ltr'><strong>ut</strong></span> <span class='ocrx_word' id='word_1_313' title='bbox 1790 3342 2036 3402; x_wconf 85' lang='lat' dir='ltr'><strong>brevitas</strong></span> <span class='ocrx_word' id='word_1_314' title='bbox 2071 3340 2284 3420; x_wconf 81' lang='lat' dir='ltr'><strong>placet.</strong></span> 
     </span>
     <span class='ocr_line' id='line_1_37' title="bbox 261 3422 2280 3507; baseline 0 -23"><span class='ocrx_word' id='word_1_315' title='bbox 261 3422 488 3497; x_wconf 80' lang='lat' dir='ltr'><strong>2Quam</strong></span> <span class='ocrx_word' id='word_1_316' title='bbox 528 3442 641 3503; x_wconf 87' lang='lat' dir='ltr'><strong>ego</strong></span> <span class='ocrx_word' id='word_1_317' title='bbox 687 3425 1107 3488; x_wconf 72' lang='lat' dir='ltr'><strong>custodiendam</strong></span> <span class='ocrx_word' id='word_1_318' title='bbox 1135 3443 1270 3487; x_wconf 83' lang='lat' dir='ltr'><strong>esse</strong></span> <span class='ocrx_word' id='word_1_319' title='bbox 1307 3427 1611 3505; x_wconf 80' lang='lat' dir='ltr'><strong>confiteor,</strong></span> <span class='ocrx_word' id='word_1_320' title='bbox 1659 3429 1706 3487; x_wconf 88' lang='lat' dir='ltr'><strong>si</strong></span> <span class='ocrx_word' id='word_1_321' title='bbox 1755 3444 1925 3487; x_wconf 85' lang='lat' dir='ltr'><strong>causa</strong></span> <span class='ocrx_word' id='word_1_322' title='bbox 1966 3428 2280 3507; x_wconf 82' lang='lat' dir='ltr'><strong>permittat:</strong></span> 
     </span>
    </p>
   </div>
  </div>
 </body>
</html>
