2467 3850
706 166 1236 229 PANEGYRICUS
1270 177 1360 232 91.
1383 177 1470 232 92.
1495 177 1583 232 93.
1607 177 1696 231 94.
2077 168 2202 234 297

196 333 298 386 tuo
329 320 537 382 iudicio
569 320 840 382 consules
867 321 1004 380 facti
1028 366 1045 397 ,
1094 330 1187 381 tua
1208 336 1359 381 voce
1389 322 1690 382 renuntiati
1715 338 1932 398 sumus,
1963 330 2025 383 ut
2052 321 2203 382 idem

197 407 513 467 honoribus
558 407 770 465 nostris
816 405 1157 481 suffragator
1203 406 1260 463 in
1301 407 1488 484 curia,
1541 405 1598 464 in
1643 420 1843 483 campo
1885 405 2204 467 declarator

198 492 506 552 existeres.
543 487 684 550 Nam
710 488 864 567 quod
890 490 945 549 91
968 507 1081 549 nos
1109 490 1467 566 potissimum
1491 491 1673 549 mensi
1705 490 2005 550 attribuisti
2033 508 2204 569 quem

196 583 330 635 tuus
359 572 561 633 natalis
591 582 852 649 exornat,
876 589 1042 650 quam
1059 572 1361 651 pulchrum
1381 571 1576 632 nobis!
1608 574 1812 650 quibus
1839 574 2050 652 edicto,
2081 577 2204 653 qui-

138 672 178 723 5
198 659 306 718 bus
345 656 682 735 spectaculo
724 656 1027 717 celebrare
1068 657 1362 733 continget
1391 657 1539 715 diem
1569 656 1727 717 illum
1759 656 1967 736 triplici
1997 659 2203 734 gaudio

197 742 429 818 laetum,
462 742 557 819 qui
588 741 906 819 principem
935 740 1167 800 abstulit
1198 742 1542 819 pessimum,
1578 739 1732 801 dedit
1762 743 2053 820 optimum,
2083 761 2202 803 me·

196 825 401 886 liorem
433 825 647 903 optimo
682 824 902 901 genuit.
936 821 1059 884 Nos
1088 825 1195 883 sub
1222 822 1407 884 oculis
1432 823 1542 883 tuis
1565 827 1862 903 augustior
1882 824 2054 886 solito
2080 844 2207 885 cur·

194 928 294 971 rus
336 909 616 986 accipiet,
665 925 774 970 nos
802 908 955 968 111191·
983 908 1234 968 secunda
1276 910 1461 968 omina
1495 916 1553 967 et
1592 918 1727 970 vota
1760 912 2234 988 certantiarquae.

195 995 487 1074 praesenti
530 993 633 1052 tibi
672 990 1044 1052 conferentur
1078 991 1355 1053 vehemur
1389 991 1611 1053 alacres
1651 1002 1710 1054 et
1748 995 1948 1054 incerti
1979 1012 2053 1054 ex
2083 1003 2206 1053 utra

102 1092 181 1144 10
198 1087 359 1158 parte
400 1077 579 1137 maior
617 1075 848 1136 auribus
883 1077 1095 1136 nostris
1135 1077 1354 1137 accidat
1385 1075 1614 1136 clamor.
1682 1077 1872 1156 Super
1906 1079 2086 1137 omnia
2120 1087 2202 1141 taz
2223 1077 2304 1140 93

195 1180 327 1221 men
357 1159 793 1241 praedicandum
814 1160 1041 1220 videtur
1069 1161 1223 1240 quod
1252 1162 1464 1239 pateris
1494 1160 1763 1222 consules
1787 1180 1922 1221 esse
1952 1179 2097 1239 quos
2118 1162 2204 1220 fe-

196 1246 357 1306 cisti:
392 1245 609 1323 quippe
637 1242 854 1304 nullum
874 1245 1226 1324 periculum,
1259 1242 1446 1304 nullus
1482 1262 1558 1304 ex
1584 1246 1843 1324 principe
1864 1253 2048 1305 metus
2069 1262 2203 1304 con-

196 1331 420 1389 sulares
449 1330 663 1389 animos
694 1326 950 1390 debilitat
983 1337 1043 1388 et
1070 1330 1316 1406 frangit,
1341 1328 1478 1387 nihil
1507 1330 1695 1390 invitis
1723 1329 2089 1406 audiendum,
2120 1329 2203 1387 ni·

195 1413 275 1474 hil
309 1415 527 1474 coactis
562 1412 984 1474 decernendum
1012 1416 1141 1475 erit.
1189 1412 1381 1473 Manet
1404 1413 1767 1492 manebitque
1796 1413 1996 1473 honori
2027 1430 2204 1472 vene-

103 1509 178 1565 15
196 1500 345 1559 ratio
387 1515 523 1574 sua,
579 1515 690 1557 nec
727 1499 1097 1559 securitatem
1127 1499 1462 1558 auctoritate
1491 1497 1819 1574 perdemus.
1875 1497 1964 1558 Ac
1992 1498 2040 1556 si
2072 1495 2205 1575 quid

196 1583 349 1642 forte
381 1599 455 1641 ex
487 1580 815 1642 consulatus
847 1580 1079 1656 fastigio
1110 1581 1286 1640 fuerit
1315 1579 1638 1639 diminutum
1657 1626 1674 1656 ,
1703 1590 1896 1644 nostra
1924 1581 2067 1641 haec
2097 1583 2207 1641 erit

197 1666 402 1745 culpa,
444 1682 557 1726 non
585 1664 823 1727 saeculi.
877 1664 1040 1726 Licet
1066 1666 1250 1740 enim,
1292 1672 1556 1741 quantum
1584 1663 1651 1723 ad
1684 1667 2029 1742 principem,
2067 1665 2205 1725 licet

195 1749 345 1812 tales
378 1750 649 1811 consules
679 1766 855 1828 agere
886 1746 1085 1827 quales
1112 1758 1245 1809 ante
1276 1748 1566 1826 principes
1597 1758 1775 1807 erant.
1816 1748 2071 1808 Ullamne
2103 1749 2204 1808 tibi

195 1851 303 1914 pro
348 1834 643 1894 beneficiis
690 1833 911 1895 referre
954 1836 1188 1910 gratiam
1230 1848 1426 1909 parem
1468 1828 1816 1907 possumus?
1858 1832 1963 1890 nisi
1994 1840 2204 1892 tantum

100 1932 181 1984 20
197 1917 350 1979 illam
379 1929 440 1979 ut
470 1938 701 1999 semper
742 1934 848 1980 nos
877 1918 1297 1980 meminerimus
1329 1913 1599 1976 consules
1632 1915 1812 1976 fuisse
1841 1925 1901 1975 et
1932 1913 2203 1978 consules

196 2014 363 2080 tuos,
413 2021 482 2063 ea
528 2006 873 2079 sentiamus,
929 2020 999 2062 ea
1043 2018 1376 2063 censeamus
1423 2017 1568 2078 quae
1613 1999 2005 2058 consularibus
2036 1997 2233 2076 digna·

197 2097 366 2165 sunt,
407 2089 486 2146 ita
513 2104 811 2148 versemur
841 2088 897 2146 111
924 2104 988 2144 re
1020 2087 1251 2167 publica
1276 2094 1338 2145 ut
1368 2084 1665 2144 credamus
1699 2102 1833 2144 esse
1864 2100 1985 2143 rem
2019 2082 2204 2161 publi·

200 2189 360 2248 cam,
403 2188 515 2230 11911
551 2170 851 2230 consilium
880 2177 1170 2247 nostrum,
1215 2187 1331 2229 11911
1362 2184 1593 2246 operam
1624 2167 2050 2244 subtrahamus,
2094 2184 2205 2226 1199

198 2256 496 2316 deiunctos
538 2273 645 2315 nos
687 2263 746 2315 et
774 2256 935 2333 quasi
975 2252 1240 2316 dimissos
1282 2252 1618 2329 consulatu,
1661 2252 1765 2312 sed
1810 2253 1966 2331 quasi
2005 2251 2205 2312 adstri-

104 2352 180 2406 25
201 2349 329 2400 ctos
359 2350 417 2400 91
439 2339 734 2400 devinctos
760 2348 1024 2419 putemus
1045 2387 1064 2419 ,
1095 2338 1451 2417 eundemque
1481 2336 1673 2396 locum
1699 2334 1910 2396 laboris
1943 2345 2002 2397 91
2036 2352 2205 2396 curae

200 2441 370 2502 quem
392 2425 749 2485 reverentiae
782 2423 1185 2503 dignitatisque
1215 2431 1531 2482 teneamus.

325 2505 389 2565 In
435 2510 542 2568 fine
583 2509 853 2569 orationis
892 2508 1189 2586 praesides
1223 2506 1613 2584 custodesque
1647 2505 1870 2583 imperii
1903 2502 2046 2563 deos
2087 2520 2200 2579 ego
2222 2500 2307 2564 94

200 2591 400 2651 consul
432 2610 535 2670 pro
563 2594 737 2653 rebus
769 2591 1024 2652 humanis
1044 2638 1062 2669 ,
1103 2610 1172 2652 ac
1201 2600 1261 2650 te
1290 2592 1600 2669 praecipue
1618 2634 1636 2666 ,
1665 2586 1985 2667 Capitoline
2014 2586 2206 2664 Iuppi·

198 2685 322 2752 ter,
353 2693 561 2754 precor
589 2684 651 2737 ut
678 2675 978 2737 beneficiis
1005 2679 1116 2735 tuis
1150 2676 1343 2735 faveas
1374 2676 1657 2749 tantisque
1678 2669 2007 2729 muneribus
2034 2668 2206 2729 addas

108 2762 660 2839 30perpetuitatem.
701 2760 925 2820 Audisti
953 2779 1099 2839 quae
1129 2758 1276 2817 malo
1306 2757 1550 2835 principi
1573 2753 1966 2831 precabamur,
2002 2751 2207 2811 exaudi

202 2861 349 2923 quae
379 2862 485 2922 pro
509 2842 884 2906 dissimillimo
910 2854 1190 2923 optamus.
1230 2839 1360 2900 Non
1385 2849 1442 2899 te
1470 2839 1853 2915 distringimus
1876 2837 2047 2895 votis.
2078 2835 2208 2895 Nou

202 2929 352 2988 enim
381 2946 614 3007 pacem,
646 2945 761 2987 11911
791 2929 1176 3002 concordiam,
1210 2940 1324 2983 non
1347 2923 1734 2997 securitatem,
1766 2938 1878 2980 11911
1907 2936 2052 2998 opes
2083 2938 2206 2981 ora·

199 3029 359 3090 mus,
388 3031 501 3073 non
522 3013 804 3073 honores:
834 3012 1081 3091 simplex
1104 3017 1418 3085 cunctaque
1450 3007 1558 3066 ista
1589 3003 1934 3083 conplexum
1963 3006 2208 3063 omnium

202 3105 397 3156 votum
422 3105 547 3175 est,
585 3095 737 3157 salus
765 3096 1063 3176 principis.
1100 3092 1225 3152 Nec
1256 3107 1396 3151 vero
1420 3107 1566 3149 nova
1596 3089 1697 3148 tibi
1720 3084 2075 3165 iniungimus.
2123 3088 2208 3148 Tu

112 3192 187 3246 35
209 3183 357 3241 enim
396 3182 502 3240 iam
530 3190 662 3240 tunc
692 3178 849 3240 illum
874 3180 930 3237 in
970 3176 1203 3238 tutelam
1231 3175 1539 3252 recepisti,
1594 3190 1721 3231 cum
1748 3171 2051 3251 praedonis
2094 3173 2209 3232 avi·

206 3265 420 3326 dissimi
452 3264 712 3324 faucibus
746 3263 1019 3341 eripuisti.
1080 3259 1286 3337 Neque
1326 3260 1474 3318 enim
1505 3258 1627 3317 sine
1656 3256 1866 3317 auxilio
1897 3266 2027 3333 tuo,
2085 3274 2210 3315 cum

207 3348 478 3410 altissima
509 3365 771 3426 quaeque
801 3353 1195 3425 quaterentur,
1225 3344 1320 3404 hic
1342 3343 1439 3420 qui
1467 3341 1723 3401 omnibus
1747 3339 2035 3400 excelsior
2065 3348 2207 3416 erat,

211 3434 590 3494 inconcussus
621 3433 799 3492 stetit.
838 3430 1182 3490 Praeteritus
1211 3437 1302 3488 est
1325 3445 1355 3486 a
1372 3427 1624 3507 pessimo
1647 3426 1904 3505 principe
1929 3425 2024 3501 qui
2046 3440 2208 3502 prae·
