2467 3850
923 234 1394 290 PRAEFATIO.
2167 255 2220 294 lx

106 393 420 449 venistissimo
442 392 613 448 codice
632 391 913 448 Germanico
934 393 1094 463 plures
1114 393 1174 448 ad
1194 393 1447 448 Traianum
1465 393 1690 464 epistulas
1710 400 1759 449 et
1781 396 1974 467 insuper
1993 400 2218 469 quasdam

108 477 312 532 eiusdem
333 477 474 532 Plinii
496 477 556 532 ad
579 478 757 532 amicos
779 477 1031 546 epistulas,
1053 493 1173 548 quae
1194 478 1256 531 de
1278 484 1448 532 octavo
1481 478 1602 533 libro
1634 480 1945 544 excidissent.
1992 497 2019 536 a
2053 482 2217 538 Domi-

107 562 210 616 nico
232 560 503 616 Mamiliano
525 560 711 616 Romae
740 577 795 616 se
815 562 1056 631 accepisse
1086 561 1279 624 scribit,
1322 577 1379 616 ea
1407 561 1623 617 dubitare
1666 565 1830 634 nequit
1868 566 1983 637 quin
2010 566 2072 621 de
2112 568 2217 637 ipso

107 645 205 699 Aldi
224 645 394 700 codice
424 645 746 716 intellegenda
775 645 887 700 sint.
948 645 1034 700 sed
1069 660 1181 699 cum
1203 645 1352 700 Aldus
1383 660 1470 715 pro
1489 661 1576 701 sua
1597 647 1778 702 ratione
1793 647 1991 704 lucundi
2015 665 2218 722 apogra-

106 728 249 798 phum
280 730 532 801 ingeniose
577 744 605 783 a
647 729 750 783 viro
789 730 1066 784 acutissimo
1100 729 1186 784 sed
1221 730 1390 784 eodem
1421 731 1669 785 temerario
1703 732 2039 802 interpolatum
2072 750 2215 805 quam

105 813 256 882 ipsum
281 814 499 868 codicem
529 813 666 884 sequi
708 813 954 877 maluerit,
979 812 1119 867 facile
1150 814 1600 884 intellegiturquam
1620 816 1855 869 incertum
1876 831 2018 871 omne
2043 818 2104 873 de
2123 818 2217 872 hoc

62 956 70 964 ,
106 897 268 952 codice
288 897 510 952 reddatur
530 895 775 952 iudicium.
800 897 992 952 fuerunt
1011 898 1154 952 etiam
1176 898 1259 969 qui
1271 913 1382 953 eum
1405 913 1432 952 a
1445 897 1659 954 Mediceo
1679 915 1776 954 non
1796 899 1986 955 differre
2007 903 2219 972 suspica-

104 987 279 1036 renwr.
301 995 543 1052 aquomm
557 980 735 1035 iudicio
744 989 800 1036 ut
810 981 1028 1036 recedam
1044 996 1154 1036 cum
1170 981 1491 1036 memorabilis
1511 982 1742 1055 quaedam
1760 984 2021 1055 scripturae
2039 985 2214 1041 discre-

103 1065 258 1134 pantia
288 1079 368 1118 me
387 1072 553 1120 movet
565 1106 579 1127 ,
622 1068 829 1120 maxime
853 1066 904 1120 in
924 1065 982 1120 iis
1003 1066 1216 1135 epistulis
1237 1080 1360 1136 quae
1378 1073 1489 1120 ante
1509 1067 1681 1122 Aldum
1707 1068 1860 1122 editae
1889 1084 1985 1123 non
2007 1069 2213 1134 fuerunt,

103 1163 384 1219 quamquam
402 1148 598 1204 difficile
624 1155 699 1203 est
718 1149 850 1204 dictu
870 1155 1099 1220 quantum
1118 1151 1169 1204 in
1187 1149 1286 1204 hoc
1304 1163 1483 1220 genere
1505 1151 1701 1207 iucundi
1722 1152 1917 1222 ingenio
1937 1153 2083 1208 tribui
2102 1168 2214 1223 pos-

101 1233 173 1296 sit,
198 1239 305 1286 tum
328 1232 435 1287 Aldi
456 1239 507 1288 et
529 1231 754 1288 Catanaei
785 1233 1136 1288 testimonium:
1180 1249 1385 1304 quorum
1416 1240 1616 1306 uterque
1649 1236 1958 1304 epistularum
1978 1237 2037 1292 ad
2053 1236 2213 1292 Traia·

101 1331 216 1370 num
242 1316 440 1380 librum,
474 1316 537 1371 de
564 1332 658 1387 quo
678 1324 844 1388 postea
865 1316 1019 1373 dicam
1034 1360 1047 1382 ,
1085 1320 1133 1373 in
1156 1317 1239 1372 illo
1262 1318 1426 1372 codice
1448 1318 1595 1373 fuisse
1614 1319 1804 1381 dicunt;
1847 1318 2110 1375 Catanaeus
2131 1336 2214 1376 au-

28 1422 29 1425 *
99 1406 199 1453 tem
221 1415 249 1454 a
270 1399 513 1469 pontificio
534 1415 624 1455 suo
637 1443 653 1464 ,
681 1417 824 1473 quem
845 1401 948 1472 ipse
974 1403 1153 1457 viderat
1165 1444 1178 1465 ,
1203 1400 1536 1457 Germanicum
1556 1416 1699 1473 quem
1720 1403 1836 1459 dicit
1856 1404 2092 1461 discernit.

224 1482 425 1539 Uberius
450 1499 593 1555 quam
613 1500 701 1554 pro
735 1486 917 1541 ratione
947 1485 1088 1541 huius
1110 1486 1353 1550 editionis,
1383 1487 1433 1540 in
1459 1501 1551 1557 qua
1571 1494 1847 1558 argumenta
1868 1502 2031 1543 earum
2053 1503 2212 1543 rerum

100 1583 217 1639 quas
237 1567 338 1622 dixi
360 1568 623 1623 omittenda
645 1575 779 1623 erant
792 1615 805 1636 ‚
834 1569 938 1624 fieri
958 1569 1208 1641 oportebat
1231 1585 1290 1624 eo
1311 1570 1612 1640 potissimum
1634 1571 1832 1626 consilio
1855 1571 1975 1626 haec
1996 1573 2211 1642 exposui,

98 1658 152 1706 ut
170 1697 184 1718 ,
239 1651 354 1706 dum
385 1652 524 1706 iustis
557 1654 910 1708 commentariis
935 1654 1166 1709 instructa
1191 1654 1337 1708 editio
1364 1660 1635 1724 pararetur,
1678 1656 1828 1724 copiis
1858 1656 1917 1709 ab
1950 1655 2212 1711 editoribus

30 1790 31 1797 ,
99 1735 287 1790 collatis
309 1742 441 1790 recte
465 1751 592 1791 unus
624 1738 822 1808 quisque
842 1738 914 1792 uti
933 1744 1110 1808 posset.
1152 1743 1302 1792 restat
1320 1746 1375 1792 ut
1406 1753 1497 1809 qua
1519 1738 1701 1792 ratione
1721 1738 1823 1806 ipse
1843 1740 1891 1793 in
1920 1740 2209 1794 recensendo

101 1835 216 1874 usus
243 1820 337 1872 sim
363 1820 642 1888 explicetur.
697 1822 856 1891 itaque
878 1837 989 1876 cum
1016 1820 1343 1890 compluribus
1373 1820 1617 1876 codicibus
1638 1836 1666 1874 e
1685 1822 1839 1875 tribus
1858 1823 2209 1891 exemplaribus

99 1903 258 1959 ductis
280 1909 330 1957 et
349 1904 594 1974 paullatim
621 1905 667 1959 in
693 1903 876 1961 ltaliam
896 1906 1065 1962 adlatis
1086 1903 1225 1959 Plinii
1247 1905 1524 1960 memoriam
1547 1905 1606 1960 ad
1625 1911 1838 1959 nostram
1859 1912 2063 1961 aetatem
2095 1921 2205 1977 pro-

97 1993 330 2061 pagatam
366 2003 471 2043 esse
492 1988 912 2045 demonstraverim
928 2033 941 2055 ,
978 2005 1006 2044 e
1026 1989 1198 2061 quibus
1221 1989 1467 2044 codicibus
1492 1993 1591 2043 tres
1611 1995 1816 2043 aetatem
1836 1989 2074 2053 tulerunt,
2105 1989 2205 2043 Me-

99 2072 292 2127 diceum
312 2072 437 2135 dico,
459 2072 754 2137 Vaticanum,
781 2073 1121 2138 Florentinum,
1146 2071 1445 2128 Riccardiani
1466 2079 1627 2127 autem
1639 2079 1863 2143 excerpta
1884 2079 2063 2136 extant,
2093 2073 2204 2128 reli-

97 2171 306 2227 quorum
328 2171 391 2210 ex
410 2157 680 2212 recentibus
703 2157 836 2212 libris
856 2158 932 2213 vel
952 2173 1096 2213 manu
1115 2158 1307 2228 scriptis
1332 2158 1407 2212 vel
1426 2158 1667 2227 impressis
1686 2157 1893 2227 petenda
1913 2163 1987 2212 ost
2006 2158 2185 2212 notitia

99 2240 256 2295 facilis
277 2240 440 2294 futura
460 2247 588 2296 esset
606 2242 822 2296 recensio
836 2283 850 2305 ,
880 2242 923 2296 si
943 2243 1020 2297 vel
1042 2243 1243 2297 notabili
1264 2242 1563 2296 librariorum
1583 2247 1771 2296 tantum
1789 2242 2101 2313 neglegentia
2122 2257 2205 2295 an·

95 2324 231 2395 tiqua
269 2324 559 2393 exemplaria
590 2326 835 2390 distarent,
871 2327 949 2381 vel
980 2326 1207 2382 Italorum
1240 2326 1683 2396 interpolationibus
1717 2332 1857 2397 atque
1875 2325 2114 2380 erroribus
2147 2325 2206 2378 ab

96 2408 307 2479 antiquis
334 2408 580 2463 codicibus
601 2416 818 2464 recentes
850 2411 1143 2465 recederent.
1209 2410 1297 2464 sed
1329 2425 1385 2464 ea
1406 2415 1480 2464 est
1501 2410 1646 2465 etiam
1664 2410 1789 2464 inter
1818 2410 2039 2480 antiquos
2058 2409 2207 2463 libros

95 2493 365 2561 scripmrae
391 2491 706 2563 discrepantia
731 2500 788 2548 ut
812 2501 923 2548 ante
943 2495 1184 2550 decimum
1202 2494 1449 2548 saeculum
1478 2494 1577 2560 (ex
1604 2492 1694 2547 bac
1713 2499 1868 2548 aetate
1889 2494 2017 2548 enim
2044 2493 2206 2562 stirpis

96 2575 426 2629 diversitatem
446 2575 795 2646 derivavimus)
817 2578 1058 2649 insignem
1086 2579 1401 2632 mutationem
1434 2592 1533 2632 non
1553 2592 1614 2632 ex
1635 2578 1883 2632 oscitantia
1904 2577 2205 2631 librariorum

95 2659 177 2714 sed
198 2674 267 2713 ex
287 2660 715 2730 grammaticorum
737 2661 931 2716 arbitrio
967 2661 1231 2732 profectam
1250 2661 1390 2716 Plinii
1420 2661 1706 2732 exemplaria
1738 2660 1942 2715 subiisse
1963 2669 2202 2730 appareat.

95 2757 255 2814 neque
290 2744 361 2797 ita
394 2750 666 2813 comparata
695 2751 771 2799 est
801 2745 1033 2801 librorum
1054 2745 1264 2800 conditio
1283 2750 1340 2799 ut
1358 2744 1552 2817 reliquis
1575 2745 1815 2815 neglectis
1835 2759 1987 2799 unum
2005 2759 2204 2797 securus

32 2879 33 2896 ἦ
94 2827 232 2898 sequi
262 2827 469 2896 ‘possis3
513 2828 596 2883 sed
620 2831 752 2883 'cum
777 2843 863 2899 per
885 2830 1043 2884 omnia
1062 2844 1183 2900 quae
1203 2834 1458 2898 supersunt
1480 2828 1765 2897 exemplaria
1780 2833 1954 2899 vagata
1982 2827 2045 2881 sit
2061 2828 2209 2881 inter-

95 2911 294 2979 polatio,
316 2909 422 2965 fieri
439 2912 603 2986 nequit
621 2913 736 2983 quin
758 2912 932 2967 iudicio
954 2913 1162 2967 adhibito
1176 2912 1322 2967 modo
1344 2912 1472 2967 hunc
1490 2912 1633 2966 modo
1646 2911 1781 2966 illum
1794 2912 1966 2965 ducem
1977 2911 2205 2982 sequaris,

94 3009 240 3065 saepe
261 3010 290 3049 a
311 3009 409 3066 qua
429 3002 564 3065 parte
584 2996 806 3051 standum
826 2997 890 3051 sit
909 2997 1120 3051 incertus
1139 2995 1350 3051 baereaS.
1404 3010 1549 3067 quare
1588 3010 1873 3066 quamquam
1907 2995 2093 3049 nullum
2134 3002 2210 3048 est

97 3078 465 3134 fundamentum
485 3079 749 3148 scripturae
766 3080 882 3134 satis
904 3078 1094 3135 firmum
1116 3085 1166 3134 et
1186 3080 1248 3134 ab
1269 3081 1400 3134 omni
1419 3080 1682 3150 suspitione
1696 3084 1855 3133 tutum
1869 3123 1883 3145 ,
1922 3083 2083 3131 tamen
2105 3077 2206 3131 Me-

94 3162 261 3217 diceus
271 3162 448 3229 codex,
473 3167 529 3217 ut
540 3177 739 3218 numero
750 3162 978 3218 librorum
1001 3165 1207 3235 reliquos
1219 3178 1387 3217 omnes
1395 3170 1601 3232 superat,
1625 3164 1691 3217 ita
1712 3163 1973 3231 scripturae
1991 3162 2209 3216 bonitate

94 3247 306 3315 primum
332 3245 428 3300 sibi
450 3245 627 3301 adserit
645 3246 824 3301 locum.
864 3247 955 3301 nisi
976 3248 1106 3318 quod
1124 3248 1174 3301 in
1199 3247 1333 3301 libris
1351 3252 1575 3318 quattuor
1594 3247 1758 3316 primis
1780 3261 1863 3315 par
1881 3245 1994 3300 huic
2015 3245 2208 3316 origine

92 3330 173 3385 sed
195 3330 476 3386 accuratius
495 3330 703 3399 scriptus
721 3329 976 3386 Vaticanus
1003 3330 1156 3386 codex
1181 3331 1361 3384 maiore
1383 3330 1526 3384 etiam
1548 3331 1687 3385 laude
1707 3331 1883 3401 dignus
1903 3334 1992 3384 est.
2032 3329 2207 3399 quibus

94 3414 345 3470 codicibus
366 3414 450 3487 qui
471 3414 522 3468 in
543 3413 705 3484 priore
725 3420 860 3483 parte
879 3414 1189 3484 epistularum
1209 3414 1471 3480 accedunt,
1497 3415 1772 3484 antiquitate
1792 3413 1894 3467 fere
1913 3426 2065 3481 pares,
2093 3410 2205 3466 Ric-

95 3498 347 3555 cardianus
369 3505 419 3553 et
438 3497 760 3562 FlorentinuS,
782 3498 831 3562 ii,
856 3498 1070 3568 quamvis
1099 3497 1383 3551 auctoritate
1413 3497 1662 3552 inferiores
1683 3497 1779 3550 sint
1800 3495 1925 3563 (non
1951 3494 2066 3549 satis
2076 3498 2208 3546 recte
