2467 3850
702 195 1216 258 EPISTULARUM
1234 196 1409 257 VIIII.
1437 206 1518 260 14.
1546 205 1630 259 15.
2039 196 2157 260 183

172 367 317 426 sem,
357 367 464 428 qua
492 348 758 428 flagrabat
786 349 933 428 apud
961 350 1186 409 ordines
1214 348 1379 425 alios,
1413 347 1563 426 quod
1592 366 1828 408 severus
1850 347 1906 407 in
1930 358 2156 409 ceteros

174 435 532 493 senatoribus
547 433 684 492 solis
705 433 1143 503 dissimulatione
1167 434 1321 510 quasi
1340 442 1526 491 mutua
1547 440 1823 508 parceret.
1859 430 2014 490 Haec
2034 442 2155 492 acta
2171 445 2238 496 22

174 526 304 575 sunt
335 518 570 576 absente
596 516 799 584 Certo;
831 516 933 576 fuit
962 518 1109 574 enim
1135 535 1237 575 seu
1275 515 1385 574 tale
1423 514 1630 593 aliquid
1660 517 1975 592 suspicatus
2008 517 2152 592 sive,

176 608 239 658 ut
264 601 671 677 excusabatur,
704 601 964 660 infirmus.
1029 597 1104 659 Et
1130 597 1461 659 relationem
1491 597 1713 677 quidem
1743 596 1813 657 de
1847 616 1917 658 eo
1949 595 2157 657 Caesar

125 693 162 747 5
179 682 249 743 ad
277 693 528 743 senatum
551 701 663 743 non
683 685 922 752 remisit;
962 684 1174 761 optinui
1202 691 1383 741 tamen
1407 682 1557 759 quod
1593 681 1955 740 intenderam.
2014 680 2155 740 Nam
2170 694 2238 746 23

175 765 404 843 collega
432 766 585 828 Certi
611 766 991 842 consulatum,
1019 782 1415 825 successorem
1447 763 1649 824 Certus
1679 767 1932 843 accepit,
1962 765 2153 843 plane·

174 868 286 928 que
330 849 537 909 factum
578 859 667 910 est
711 849 863 929 quod
900 851 1145 910 dixeram
1186 851 1244 908 in
1287 849 1418 926 fine,
1464 848 1683 908 ‘reddat
1717 850 2017 926 praemium
2047 848 2153 908 sub

175 935 385 1013 optimo
417 934 701 1012 principe,
750 933 899 1012 quod
938 952 971 993 a
1011 934 1258 1010 pessimo
1301 935 1568 1008 accepit.'
1634 930 1837 992 Postea
1874 934 2153 992 actionem

170 1034 375 1094 meam,
406 1027 706 1095 utcumque
738 1018 926 1095 potui,
961 1016 1275 1092 recollegi,
1316 1015 1497 1074 addidi
1532 1015 1718 1075 multa.
1782 1015 2007 1076 Accidit
2036 1016 2149 1074 for·
2168 1025 2238 1079 24

86 1106 160 1158 10
173 1103 401 1177 ruitum,
439 1101 542 1161 sed
570 1119 681 1161 non
710 1109 985 1178 tamquam
1015 1101 1329 1175 fortuitum,
1375 1097 1525 1176 quod
1568 1098 1728 1158 editis
1759 1098 1917 1159 libris
1949 1098 2151 1159 Certus

175 1187 320 1244 intra
347 1186 718 1262 paucissimos
752 1185 871 1243 dies
901 1183 1184 1262 inplicitus
1212 1184 1410 1243 morbo
1440 1182 1708 1243 decessit.
1766 1180 1970 1241 Audivi
1999 1182 2149 1241 refe·
2164 1194 2232 1246 25

173 1277 366 1328 rentes
399 1268 541 1327 hanc
570 1269 864 1345 imaginem
896 1268 1065 1327 menti
1094 1270 1237 1343 eius,
1278 1267 1420 1324 hanc
1452 1265 1635 1325 oculis
1667 1267 1986 1343 oberrasse,
2017 1275 2151 1325 tam-

177 1368 341 1431 quam
369 1351 586 1411 videret
619 1370 707 1411 me
740 1352 846 1412 sibi
875 1366 1002 1410 cum
1035 1350 1187 1410 ferro
1217 1351 1520 1408 imminere.
1567 1348 1786 1409 Verane
1820 1349 1963 1408 haec
1992 1349 2152 1408 adfir-

175 1450 328 1494 mare
365 1448 476 1494 non
516 1437 718 1502 ausim3
783 1437 1019 1495 interest
1058 1443 1243 1493 tamen
1284 1432 1529 1510 exempli
1569 1441 1629 1491 ut
1665 1450 1799 1492 vera
1841 1430 2151 1494 videantur.

89 1525 157 1579 15
173 1519 362 1578 Habes
395 1518 709 1596 epistulam,
737 1520 783 1577 si
808 1518 1030 1577 modum
1059 1516 1335 1595 epistulae
1362 1519 1609 1593 cogites,
1643 1515 1799 1575 libris
1831 1534 1973 1594 quos
2006 1517 2149 1593 legi·
2167 1528 2234 1581 26

174 1604 247 1663 sti
275 1619 387 1661 non
413 1604 709 1670 minorem
760 1600 863 1659 sed
889 1601 1166 1680 inputabis
1196 1600 1331 1678 tibi,
1382 1601 1478 1678 qui
1520 1609 1814 1660 contentus
1849 1600 2007 1660 libris
2037 1619 2149 1660 non

174 1685 345 1749 fuisti.
411 1685 571 1746 Vale.

1073 1763 1256 1825 XIIII.

725 1864 779 1919 G.
817 1863 1061 1915 PLINIUS
1094 1862 1322 1914 TActTo
1363 1862 1478 1915 SUO
1517 1862 1569 1916 S.

88 1980 162 2031 20
298 1967 423 2029 Nec
448 1970 574 2048 ipse
609 1967 710 2029 tihi
738 1965 957 2046 plaudis
987 1976 1046 2026 et
1083 1984 1194 2043 ego
1239 1965 1372 2025 nihil
1408 1968 1584 2043 magis
1631 1985 1704 2026 ex
1742 1966 1850 2025 fide
1887 1983 2048 2044 quam
2079 1965 2195 2025 del

178 2064 234 2114 te
269 2054 479 2115 scribo.
522 2052 771 2112 Posteris
803 2069 871 2110 an
899 2051 1081 2128 aliqua
1112 2069 1245 2110 cura
1274 2052 1449 2110 nostri
1477 2053 1695 2127 nescio,
1722 2069 1826 2110 nos
1858 2058 2013 2110 certe
2035 2067 2151 2107 me-

175 2155 364 2198 remur
392 2147 451 2197 ut
483 2138 556 2196 sit
582 2136 806 2215 aliqua,
824 2153 934 2194 non
965 2135 1093 2194 dico
1122 2136 1347 2210 ingenio
1373 2134 1460 2213 (id
1490 2136 1636 2194 enim
1661 2134 2018 2212 superbum),
2050 2130 2153 2191 sed
2225 2177 2236 2188 .

176 2221 362 2281 studio
402 2230 459 2280 et
498 2220 691 2280 labore
732 2229 789 2279 et
832 2220 1149 2279 reverentia
1194 2228 1567 2295 posterorum.
1641 2219 1943 2296 Pergamus
1985 2215 2151 2275 modo

175 2307 376 2365 itinere
405 2307 654 2364 instituto
672 2349 688 2380 ,
723 2303 874 2382 quod
903 2313 961 2363 ut
990 2319 1202 2381 paucos
1231 2304 1286 2360 in
1316 2301 1501 2361 lucem
1530 2302 1836 2382 famamque
1868 2302 2150 2381 provexit,

91 2399 159 2450 25
176 2391 250 2449 ita
282 2388 487 2448 multos
509 2408 542 2448 e
568 2388 813 2449 tenebris
839 2396 896 2447 et
924 2387 1148 2447 silentio
1177 2386 1428 2465 protulit.
1486 2384 1645 2446 Vale.

1103 2502 1224 2562 XV.

711 2601 765 2656 c,
805 2600 1053 2653 PLINIUS
1086 2602 1364 2652 FALcoNl
1400 2601 1520 2651 Suo
1564 2599 1615 2650 S.

301 2687 644 2764 Refugeram
679 2688 736 2745 in
775 2686 1030 2763 Tuscos,
1072 2695 1133 2745 ut
1172 2688 1353 2745 omnia
1381 2684 1449 2744 ad
1477 2685 1759 2744 arbitrium
1786 2700 1966 2743 meum
1999 2681 2202 2743 face-1

176 2792 325 2842 rem;
353 2771 422 2830 ad
446 2770 555 2829 hoc
582 2788 655 2830 ne
684 2771 739 2828 in
767 2769 967 2829 Tuscis
997 2768 1248 2847 quidem:
1289 2778 1399 2827 tam
1432 2766 1619 2827 multis
1643 2767 1883 2844 undique
1913 2766 2151 2824 rustico-

91 2872 298 2925 30rum
339 2852 551 2914 libellis
582 2862 639 2912 et
671 2861 782 2911 tam
812 2852 1060 2929 querulis
1103 2854 1416 2929 inquietor,
1462 2867 1603 2927 quos
1650 2849 1929 2926 aliquanto
1973 2850 2151 2924 magis

175 2942 381 3001 invitus
413 2954 575 3014 quam
600 2952 759 2994 meos
789 2934 953 3011 lego;
993 2952 1119 2992 nam
1151 2945 1210 2995 et
1237 2951 1396 2993 meos
1425 2934 1648 2992 invitus.
1710 2931 1976 2991 Retracto
2006 2934 2150 2991 enim
2168 2940 2202 2992 2

175 3020 521 3084 actiunculas
564 3018 859 3097 quasdam,
914 3017 1064 3094 quod
1105 3026 1235 3094 post
1278 3015 1754 3094 intercapedinem
1794 3017 2063 3094 temporis
2094 3025 2153 3076 et

177 3106 436 3183 frigidum
472 3112 529 3163 et
567 3102 833 3162 acerbum
874 3110 978 3160 est.
1037 3099 1306 3159 Rationes
1347 3102 1502 3176 quasi
1544 3100 1780 3158 absente
1822 3118 1911 3158 me
1954 3099 2153 3176 negle-

180 3199 399 3267 guntur.
464 3185 747 3247 Interdum
781 3194 965 3244 tamen
1000 3201 1204 3261 equum
1235 3182 1562 3243 conscendo
1592 3191 1647 3241 et
1675 3192 1889 3260 patrem
1912 3183 2150 3244 familiae
2168 3192 2203 3244 3

93 3285 161 3337 35
186 3274 454 3333 hactenus
488 3287 630 3348 ago,
674 3269 821 3346 quod
851 3268 1089 3346 aliquam
1124 3276 1337 3344 partem
1370 3265 1755 3343 praediorum,
1786 3265 1888 3325 sed
1917 3284 2021 3345 pro
2049 3286 2152 3344 ge·

183 3358 420 3416 statione
462 3370 754 3433 percurro.
807 3352 889 3411 Tu
925 3352 1384 3411 consuetudinem
1408 3368 1570 3411 serva
1590 3350 1867 3429 nobisque
1885 3353 1969 3413 sic
1986 3352 2150 3410 rusti·

183 3442 267 3501 cis
294 3439 498 3500 urbana
526 3446 649 3498 acta
677 3436 988 3516 perscribe.
1055 3431 1214 3495 Vale.
