2467 3850
453 183 970 248 EPISTULARUM
1001 194 1247 250 9.—-16.
1285 187 1520 264 [5.-—9.
1547 190 1854 266 25.-27.]
2020 188 2145 252 203

164 339 478 416 nacissima,
508 358 719 418 preces
746 346 964 400 nostras
994 337 1308 399 inhaerere.
1371 338 1513 412 Quia
1552 348 1735 400 tamen
1778 343 1834 400 in
1863 340 1974 402 hoc
2005 359 2143 419 quo-

165 443 276 504 que
306 422 620 501 indulsisti,
652 423 929 485 admoneo
956 421 1119 484 simul
1150 433 1207 483 et
1235 424 1473 501 inpense
1516 441 1662 501 rogo
1696 430 1758 484 ut
1796 425 2007 485 Attium
2038 425 2142 485 Su-

164 526 281 570 ram
309 517 569 587 praetura
596 524 868 567 exornare
899 507 1180 583 digneris,
1224 525 1351 565 cum
1389 507 1553 569 locus
1592 519 1778 569 vacet.
1840 508 1930 570 Ad
1978 527 2142 589 quam

167 610 330 672 spem
366 591 575 669 alioqui
616 593 1019 669 quietissimum
1062 591 1314 650 hortatur
1370 599 1427 655 et
1475 591 1735 652 natalium
1776 591 2046 672 splendor
2084 604 2144 654 et

116 682 149 736 5
167 694 376 738 summa
406 676 696 753 integritas
724 675 781 733 in
813 683 1149 753 paupertate
1179 683 1237 734 et
1275 683 1401 735 ante
1435 677 1615 735 omnia
1644 675 1892 737 felicitas
1921 685 2142 755 tempo-

164 778 320 836 rum,
362 777 505 837 quae
539 759 742 819 bonam
772 759 1171 821 conscientiam
1201 759 1404 818 civium
1432 768 1650 821 tuorum
1680 761 1750 822 ad
1775 778 1936 821 usum
1963 760 2141 821 indul-

165 846 391 924 gentiae
418 853 547 904 tuae
572 848 848 923 provocat
870 851 930 903 et
959 841 1197 903 attollit.-

954 974 1112 1036 xm.
1151 975 1347 1055 [vm]

87 1108 154 1161 1⁰
609 1073 663 1124 Ο.
700 1072 947 1125 PLINIUS
976 1073 1259 1125 TRAIANO
1295 1074 1706 1126 IMPERATORI.

292 1175 433 1237 Cum
473 1178 676 1253 sciam,
722 1176 978 1254 domine,
1019 1177 1089 1238 ad
1130 1178 1511 1239 testimonium
1551 1176 1884 1257 laudemque
1928 1197 2140 1240 morum

163 1277 416 1322 meorum
451 1263 736 1340 pertinere
781 1271 891 1321 tam
928 1262 1064 1322 boni
1103 1262 1377 1340 principis
1417 1260 1626 1321 iudicio
1668 1265 1958 1341 exornari,
1998 1281 2140 1342 rogo

165 1346 418 1423 dignitati
459 1344 530 1405 ad
572 1363 736 1424 quam
776 1363 866 1405 me
907 1347 1167 1424 provexit
1194 1344 1540 1422 indulgentia
1572 1355 1665 1406 tua
1690 1346 1784 1406 vel
1820 1358 2143 1425 auguratum

164 1428 261 1489 vel
290 1431 744 1508 septemviratum
763 1474 781 1506 ‚
815 1431 945 1506 quia
975 1437 1210 1506 vacant,
1244 1428 1467 1488 adicere
1499 1429 1781 1508 digneris,
1810 1441 1870 1491 ut
1904 1434 2023 1492 iure
2055 1450 2142 1493 sa-

87 1529 152 1583 15
168 1513 404 1573 cerdotii
442 1515 664 1592 precari
684 1512 835 1573 deos
865 1530 969 1592 pro
999 1521 1056 1573 te
1095 1510 1326 1593 publice
1357 1515 1601 1591 possim,
1646 1531 1791 1592 quos
1824 1533 1970 1577 nunc
2014 1534 2142 1595 pre-

170 1615 273 1657 cor
299 1599 509 1675 pietate
543 1599 775 1676 privata.

871 1770 874 1773 A
932 1694 1116 1761 xlm.
1160 1695 1388 1775 [vnn]

601 1795 655 1846 G.
687 1792 931 1846 PLINIUS
963 1794 1254 1845 TRAIANO
1292 1793 1703 1846 IMPERATORI.

291 1899 580 1961 Victoriae
617 1908 786 1977 tuae,
824 1899 1031 1979 optime
1071 1899 1405 1978 imperator,
1438 1898 1706 1959 maximae
1736 1897 2141 1978 pulcherrimae

86 2004 154 2058 20
169 1986 587 2065 antiquissimae
618 1993 675 2044 et
714 1992 810 2043 tuo
853 1985 1078 2043 nomine
1109 1993 1167 2044 et
1194 1985 1282 2042 rei
1315 1982 1579 2061 publicae
1608 1983 1858 2061 gratulor
1888 1982 2143 2062 deosque

164 2070 486 2130 inmortales
530 2086 738 2148 precor
770 2076 830 2127 ut
870 2085 1063 2128 omnes
1107 2069 1481 2144 cogitationes
1518 2075 1641 2126 tuas
1679 2076 1790 2127 tam
1827 2067 2007 2128 laetus
2052 2086 2144 2127 se-

167 2164 367 2233 quatur
401 2162 670 2231 eventus,
714 2160 774 2212 ut
812 2152 1112 2212 virtutibus
1153 2154 1320 2212 tantis
1349 2149 1530 2230 gloria
1574 2152 1881 2230 imperii-et
1907 2162 2145 2213 novetur

168 2248 228 2300 et
254 2245 542 2317 augeatur.

949 2318 1070 2380 XV.
1115 2316 1364 2398 [xxvl.]

85 2419 153 2472 25
603 2417 656 2469 C.
695 2415 943 2470 PLINIUS
973 2416 1258 2469 TRAIANO
1301 2418 1708 2472 IMPERATORI.

296 2520 442 2595 Quia
484 2521 741 2597 confide,
785 2520 1037 2598 domine,
1081 2520 1150 2581 ad
1190 2539 1377 2581 curam
1410 2532 1559 2583 tuam
1588 2522 1907 2600 pertinere,
1949 2520 2141 2579 nuntio

166 2606 270 2667 tibi
291 2624 379 2665 me
399 2604 692 2684 Ephesum
720 2622 845 2664 cum
878 2605 1131 2664 omnibus
1160 2607 1303 2665 meis
1331 2595 1502 2683 ὑπὲρ
1525 2601 1805 2666 Μαλέαν
1826 2595 2152 2679 navigasse.

170 2690 434 2763 Quamvis
470 2689 760 2748 contrariis
787 2690 970 2747 ventis
992 2697 1269 2765 retentus,
1300 2705 1447 2747 nunc
1475 2686 1695 2748 destino
1725 2688 1920 2765 partim
1948 2684 2144 2743 orariis

169 2774 403 2835 navibus
436 2773 632 2850 partim
657 2770 934 2830 vehiculis
970 2772 1314 2849 provinciam
1341 2780 1560 2848 petere.
1614 2770 1753 2830 Nam
1783 2772 1928 2827 sicut
1956 2767 2143 2826 itineri

86 2870 378 2938 3ograves
406 2864 598 2915 aestus
623 2856 699 2914 ita
729 2855 1026 2914 continuae
1053 2855 1391 2930 navigationi
1418 2854 1632 2913 etesiae
1655 2852 2010 2913 reluctantur.

920 2985 1068 3047 xvi.
1119 2985 1398 3065 [xxva]

835 3083 1154 3135 TRAIANUS
1183 3082 1393 3135 PLINIO
1431 3083 1483 3136 S.

288 3189 472 3250 Recte
501 3187 848 3263 renuntiasti,
879 3188 953 3247 mi
983 3185 1246 3248 Secunde
1278 3185 1584 3246 carissime.
1627 3183 1873 3244 Pertinet
1904 3184 2048 3243 enim
2072 3184 2147 3245 ad

6 3257 16 3266 ’
84 3275 408 3342 35animum
427 3290 610 3332 meum
641 3271 791 3349 quali
828 3272 1027 3332 itinere
1063 3272 1128 3332 in
1157 3272 1502 3350 provinciam
1530 3269 1845 3349 pervenias.
1898 3267 2143 3328 Pruden-

169 3368 262 3419 ter
290 3367 472 3417 autem
497 3358 791 3418 constituis
815 3357 1038 3418 interim
1056 3357 1291 3418 navibus
1315 3355 1534 3416 interim
1553 3352 1830 3415 vehiculis
1850 3354 1953 3430 uti,
1980 3360 2149 3429 prout

170 3443 305 3503 loca
332 3443 627 3503 suaserint.
