2467 3850
310 179 433 245 206
903 176 969 239 C.
1011 176 1205 238 PLINI
1247 177 1347 238 ΕΤ
1389 176 1697 239 TRAIANI

1021 330 1199 394 xxn.
1250 289 1584 412 [xxxmq‘

963 426 1291 482 TRAIANUS
1325 429 1539 481 PLINIO
1579 429 1632 481 S.

426 549 500 611 Et
522 549 654 609 mihi
682 549 912 627 scripsit
942 546 1150 611 Gabius
1183 550 1392 610 Bassus
1419 567 1533 610 non
1559 547 1827 610 sufficere
1852 549 1959 610 sibi
1988 565 2117 609 eum
2143 547 2288 609 mili-

309 644 425 695 tum
453 652 741 694 numerum
770 635 866 711 qui
893 641 951 693 ut
972 634 1197 694 daretur
1225 632 1307 692 illi
1331 633 1601 697 mandatis
1624 634 1764 693 meis
1797 632 2111 711 conplexus
2141 651 2285 693 sum.

311 717 416 780 Cui
444 736 588 797 quae
628 720 1052 795 rescripsissem
1085 727 1144 778 ut
1181 725 1374 777 notum
1399 716 1676 795 haberes,
1723 716 1812 776 his
1852 716 2055 778 litteris
2101 715 2333 778 subici5

312 804 468 864 iussi.
532 799 766 862 Multum
795 803 1031 862 interest
1075 812 1112 874 †
1150 811 1207 862 te
1243 811 1444 879 poscat
1475 819 1544 861 an
1573 800 1826 861 homines
1849 802 1905 861 in
1934 820 2000 862 se
2028 810 2088 861 ut
2120 800 2294 860 latius.

309 886 503 948 velint.
547 884 726 946 Nobis
756 896 938 945 autem
967 885 1176 946 utilitas
1205 885 1427 945 demum
1457 884 1765 964 spectanda
1795 895 1908 962 est,
1940 894 1999 945 et
2027 894 2292 964 quantum

311 971 434 1030 lieri
464 978 679 1051 potest,
711 969 1010 1031 curandum
1035 988 1108 1030 ne
1130 967 1339 1031 milites
1369 986 1402 1029 a
1427 970 1607 1048 signis
1636 970 1841 1030 absint.

1008 1119 1214 1183 XXIII.
1250 1119 1588 1200 [XXXIIIIJ
2309 1143 2380 1196 10

751 1222 807 1273 G.
845 1219 1091 1273 PLINIUS
1125 1221 1411 1275 TRAIANO
1446 1217 1857 1273 IMPERATORI-

265 1342 294 1393 1
436 1323 766 1401 Prusenses,
801 1322 1042 1403 domine,
1075 1322 1355 1384 balineum
1387 1322 1593 1387 habent
1621 1331 1681 1385 et
1708 1319 1992 1383 sordidum
2019 1331 2078 1383 et
2105 1331 2292 1385 vetus.

315 1406 379 1468 Id
418 1411 604 1488 itaque
632 1407 974 1486 indulgentia
1001 1418 1094 1469 tua
1121 1409 1424 1468 restituere
1456 1405 1805 1468 desiderant:
1848 1425 1960 1484 ego
1985 1414 2167 1467 tamen
2199 1424 2293 1467 ae·

316 1494 543 1553 stimans
568 1509 772 1551 novum
798 1493 921 1551 fleri
948 1491 1161 1552 debere
1178 1534 1193 1550 .
1211 1534 1227 1550 .
1243 1533 1259 1550 .
1276 1492 1514 1552 ‚videris
1537 1490 1669 1550 mihi
1699 1490 1981 1551 desiderio
2002 1507 2196 1557 eorum
2213 1492 2295 1550 in-

265 1589 299 1641 2
317 1575 550 1653 dulgere
577 1594 772 1655 posse.
812 1575 935 1636 Erit
965 1577 1111 1636 enim
1133 1576 1375 1655 pecunia
1404 1594 1478 1635 ex
1505 1592 1615 1653 qua
1642 1575 1754 1652 fiat,
1786 1576 2021 1651 primum
2042 1592 2109 1634 ea
2133 1591 2293 1653 quam
2311 1590 2377 1643 15
2459 1586 2465 1631 ,¹

316 1677 588 1722 revocare
630 1680 662 1721 a
702 1662 936 1739 privatis
981 1669 1038 1719 et
1078 1662 1312 1738 exigere
1350 1661 1458 1719 iam
1496 1659 1700 1738 coepi,
1745 1657 1949 1719 deinde
1992 1676 2154 1736 quam
2184 1659 2293 1737 ipsi
2463 1642 2464 1721 l

318 1762 556 1822 erogare
585 1746 641 1804 in
677 1744 864 1805 oleum
893 1744 1078 1821 soliti,
1122 1744 1300 1823 parati
1343 1744 1554 1805 suntin
1590 1759 1734 1820 opus
1764 1741 1969 1802 balinei
2001 1742 2293 1811 conferre3
2463 1740 2464 1759 ¹

318 1829 469 1907 quod
507 1828 714 1909 alioqui
746 1839 802 1890 et
844 1827 1083 1907 dignitas
1124 1828 1364 1888 civitatis
1397 1837 1457 1888 et
1489 1824 1703 1887 saeculi
1743 1828 1822 1886 tui
1850 1828 1996 1887 nitor
2024 1825 2291 1905 postulat.

1014 1978 1248 2043 xxnn.
1300 1978 1574 2060 [xxxv.]
2109 2019 2120 2028 ,
2201 1959 2208 1970 “
2310 2015 2382 2068 20
2463 1931 2464 1944 Ν

961 2081 1289 2133 TRAIANUS
1335 2079 1545 2133 PLINIO
1592 2078 1645 2133 S.

436 2183 497 2245 Si
537 2186 830 2247 instructio
865 2186 996 2244 novi
1036 2184 1242 2245 balinei
1282 2193 1576 2244 oneratura
1612 2183 1765 2243 vires
1796 2181 2154 2243 Prusensium
2182 2197 2297 2241 non

319 2277 430 2346 est,
461 2285 764 2347 possumus
797 2267 1081 2329 desiderio
1111 2287 1308 2330 eorum
1335 2266 1661 2346 indulgere3
1689 2265 1860 2327 modo
1891 2284 1964 2325 ne
1997 2264 2130 2344 quid
2163 2265 2295 2326 ideo

316 2361 410 2412 aut
449 2353 780 2413 intribuatur
811 2362 906 2413 aut
945 2354 1126 2416 minus
1164 2352 1279 2414 illis
1309 2353 1368 2413 in
1396 2361 1686 2433 posterum
1716 2352 1809 2412 fiat
1839 2349 1908 2410 ad
1936 2351 2294 2411 necessarias

318 2438 694 2513 erogationes.
2311 2444 2379 2496 25

1134 2570 1313 2632 XXV.
1440 2617 1452 2629 .

751 2671 809 2727 C.
845 2671 1096 2723 PLINIUS
1127 2570 1863 2723 TRAIAIJJIIMPERATORI.

444 2773 717 2837 Servilius
756 2772 978 2834 Pudens
1015 2772 1273 2851 legatus,
1316 2772 1570 2851 domine,
1609 2771 1742 2833 VIII
1788 2770 1913 2832 Kal.
1942 2768 2297 2830 Decembres

319 2857 705 2920 Nicomediam
745 2860 900 2918 venit
950 2876 1157 2937 meque
1200 2857 1409 2935 longae
1450 2858 1862 2937 expectationis
1919 2854 2378 2917 sollicitudiuem)
2463 2863 2464 2938 J

319 2941 595 3004 liberavit.
2463 2943 2464 3006 ἓ

1103 3074 1306 3138 XXVI.
1356 3074 1501 3159 [XL]

758 3176 812 3230 C.
844 3176 1089 3230 PLINIUS
1124 3176 1408 3228 TRAIANO
1441 3174 1853 3228 IMPERATORI.

273 3285 304 3336 1
449 3274 750 3337 Rosianum
780 3275 1086 3358 Geminum,
1120 3278 1363 3358 domine,
1396 3253 1926 3341 artissimo'vinculo
1954 3290 2177 3335 mecum
2206 3281 2301 3333 tua
2313 3280 2378 3335 35

321 3360 379 3417 in
408 3375 500 3419 me
540 3357 814 3421 beneficia
853 3365 1165 3423 iunxerunt.
1230 3363 1412 3424 Habui
1453 3366 1599 3423 enim
1637 3360 1794 3422 illum
1840 3369 2199 3438 quaestorem
2241 3359 2299 3417 in

326 3441 647 3522 consulatu,
700 3446 812 3504 mei
852 3462 1062 3505 summe
1114 3446 1658 3508 observantissimum
1703 3455 1991 3527 expertus.
2070 3440 2300 3504 Tantam
