2467 3850
729 208 1250 273 PANEGYRICUS
1291 217 1378 273 24.
1406 219 1494 273 25.
1519 220 1605 275 26.
2038 211 2162 276 253

182 379 387 429 tamen.
432 364 577 425 Ante
610 372 667 424 te
700 365 987 444 principes
1009 365 1229 425 fastidio
1253 364 1429 425 nostri
1459 373 1518 425 et
1547 362 1786 444 quodam
1811 365 2162 445 aequalitatis

181 461 333 511 metu
353 467 515 509 usum
542 447 749 528 pedum
771 450 1082 509 amiserant.
1127 447 1265 509 Illos
1286 466 1427 526 ergo
1449 451 1626 508 umeri
1652 451 2022 528 cervicesque
2043 469 2162 511 ser-

180 552 379 596 vorum
411 550 585 612 super
616 550 712 593 ora
737 542 960 609 nostra,
1000 543 1059 593 te
1088 532 1264 609 fama,
1299 542 1357 593 te
1386 531 1596 610 gloria,
1639 542 1697 593 te
1728 536 1929 594 civium
1958 536 2161 613 pietaS,

179 630 241 680 te
271 618 502 679 libertas
526 634 701 695 super
730 619 888 694 ipsos
917 619 1205 696 principes
1231 617 1471 685 vehunt;
1505 626 1563 677 te
1590 616 1661 677 ad
1689 617 1875 679 sidera
1895 617 2043 678 tollit
2064 617 2164 677 hu-

128 703 302 764 5mus
333 704 440 762 ista
472 703 777 762 communis
807 710 866 761 et
896 700 1130 761 confusa
1157 701 1428 780 principis
1456 702 1719 778 vestigia.

308 784 435 846 Nec
475 803 714 863 vereor,
765 794 957 864 patres
995 786 1344 863 conscripti,
1395 803 1468 845 ne
1509 784 1735 862 longior
1760 785 1988 863 videar,
2036 776 2265 846 cum25

181 873 257 932 sit
294 872 527 930 maxime
562 868 862 948 optandum
898 879 958 929 ut
1000 888 1067 929 ea
1106 886 1211 948 pro
1252 869 1455 946 quibus
1498 879 1737 945 aguntur
1764 871 2001 948 principi
2036 887 2162 947 gra-

178 958 293 1015 tiae
322 954 493 1014 multa
521 956 659 1014 sint:
707 971 851 1031 quae
880 953 1103 1031 quidem
1131 954 1483 1013 reverentius
1513 952 1682 1013 fuerit
1714 956 1934 1031 integra
1971 952 2162 1013 inliba-

183 1049 355 1117 taque
397 1039 830 1116 cogitationibus
868 1039 1077 1099 vestris
1105 1038 1389 1097 reservari
1417 1055 1580 1115 quam
1626 1040 1859 1115 carptim
1890 1038 2165 1106 breviter·

92 1126 167 1179 lo
185 1142 298 1203 que
332 1123 667 1200 perstringi,
698 1123 825 1200 quia
854 1121 976 1181 fere
1005 1123 1262 1201 sequitur
1286 1131 1347 1182 ut
1376 1119 1473 1182 illa
1498 1120 1724 1199 quidem
1755 1121 1826 1181 de
1855 1121 2057 1199 quibus
2085 1130 2164 1181 ta-

183 1224 320 1268 ceas
359 1216 507 1267 tanta
554 1216 756 1284 quanta
798 1215 926 1268 sunt
971 1223 1106 1267 esse
1141 1204 1463 1266 videantur:
1505 1207 1613 1266 nisi
1656 1223 1797 1265 vero
1844 1204 2047 1266 leviter
2084 1214 2164 1263 at-

180 1292 321 1368 tingi
361 1290 547 1370 placet
587 1290 960 1370 locupletatas
993 1290 1172 1351 tribus
1213 1289 1511 1368 datumque
1555 1290 1897 1367 congiarium
1926 1287 2163 1368 populo,

181 1384 242 1435 et
271 1375 456 1435 datum
486 1384 695 1452 totum,
730 1393 855 1434 cum
889 1374 1133 1435 donativi
1163 1383 1380 1452 partem
1408 1373 1613 1435 milites
1643 1375 2021 1453 accepissent.
2076 1372 2166 1431 An

180 1458 482 1520 mediocris
512 1460 676 1519 animi
705 1468 794 1520 est
834 1458 921 1518 bis
945 1460 1134 1537 potius
1173 1467 1605 1537 repraesentare
1635 1458 1839 1537 quibus
1862 1460 2042 1535 magis
2067 1475 2166 1516 ne-

94 1548 164 1602 15
182 1544 305 1621 gari
346 1540 580 1622 potest?
631 1559 959 1621 quamquam
984 1544 1041 1601 in
1067 1543 1176 1601 hac
1204 1559 1432 1620 quoque
1464 1541 1790 1602 diversitate
1817 1540 2166 1620 aequalitatis

179 1628 324 1686 ratio
367 1636 588 1688 servata
636 1635 743 1686 est.
807 1625 1049 1702 Aequati
1093 1634 1226 1685 sunt
1249 1627 1399 1685 enim
1426 1624 1644 1704 populo
1671 1625 1878 1686 milites
1913 1642 1985 1686 eo
2016 1624 2168 1704 quod

179 1720 431 1790 partem,
475 1711 580 1771 sed
611 1712 868 1789 priores,
915 1708 1162 1787 populus
1193 1707 1498 1785 militibus,
1532 1708 1685 1786 quod
1715 1711 2031 1789 posterior,
2063 1709 2168 1770 sed

180 1805 360 1855 totum
400 1797 584 1856 statim
615 1794 859 1872 accepit.
924 1791 1228 1852 Enimvero
1262 1810 1371 1871 qua
1400 1791 1745 1869 benignitate
1785 1793 2023 1853 divisum
2051 1791 2165 1852 est!

183 1888 540 1958 quantaeque
570 1895 738 1938 curae
766 1876 871 1938 tibi
898 1876 1002 1937 fuit
1032 1895 1105 1938 ne
1135 1877 1261 1956 quis
1295 1893 1504 1955 expers
1532 1874 1879 1937 liberalitatis
1907 1885 2037 1936 tuae
2070 1877 2167 1936 fie-

91 1962 301 2024 20retl
370 1961 574 2023 Datum
604 1972 695 2024 est
737 1964 808 2023 iis
852 1964 946 2040 qui
974 1971 1106 2041 post
1134 1961 1377 2021 edictum
1406 1969 1557 2020 tuum
1586 1962 1641 2019 in
1670 1960 1856 2020 locum
1884 1977 2169 2020 erasorum

180 2046 393 2109 subditi
426 2046 681 2122 fuerant,
731 2048 1068 2125 aequatique
1105 2056 1235 2106 sunt
1278 2047 1487 2106 ceteris
1516 2044 1598 2104 illi
1631 2046 1797 2106 etiam
1827 2044 2028 2123 quibus
2057 2060 2170 2102 non

183 2141 305 2191 erat
330 2133 687 2210 promissum.
760 2128 1023 2207 Negotiis
1055 2127 1287 2210 aliquis,
1329 2128 1650 2190 valetudine
1683 2128 1859 2205 alius,
1891 2127 1983 2188 hic
2011 2129 2166 2203 mari,

183 2215 285 2275 ille
314 2214 632 2276 fluminibus
660 2215 1052 2276 distinebatur:
1107 2223 1440 2293 expectatus
1484 2223 1606 2291 est,
1652 2215 2053 2292 provisumque
2099 2229 2170 2270 ne

187 2302 313 2378 quis
342 2318 549 2377 aeger,
581 2318 654 2360 ne
683 2302 806 2379 quis
836 2308 1169 2379 occupatus,
1198 2318 1271 2359 ne
1304 2301 1428 2377 quis
1458 2298 1699 2377 denique
1727 2297 1900 2375 longe
1934 2296 2168 2357 fuisset:

96 2386 406 2445 25veniret
436 2387 715 2464 quisque,
770 2402 897 2444 cum
925 2383 1135 2462 vellet,
1189 2385 1409 2445 veniret
1450 2384 1721 2463 quisque,
1775 2400 1901 2442 cum
1946 2390 2168 2461 posset.

189 2466 567 2547 Magnificum,
600 2467 842 2546 Caesar,
880 2478 939 2529 et
965 2478 1121 2533 tuum
1147 2464 1610 2530 disiunctissimas
1638 2478 1818 2528 terras
1847 2467 2170 2526 munificen-

189 2555 301 2613 tiae
337 2556 563 2630 ingenio
616 2554 774 2613 velut
825 2552 1159 2629 admovere,
1211 2555 1576 2631 inmensaque
1616 2553 1796 2629 spatia
1839 2549 2169 2611 liberalitate

193 2637 562 2712 contrahere,
610 2635 965 2696 intercedere
1008 2637 1265 2713 casibus,
1317 2654 1621 2696 occursare
1661 2635 1948 2709 fortunae,
2001 2642 2170 2709 atque

192 2723 339 2781 omni
381 2737 493 2798 ope
535 2718 704 2779 adniti
741 2737 815 2778 ne
844 2722 968 2796 quis
1010 2739 1044 2779 e
1094 2719 1268 2798 plebe
1318 2720 1566 2780 Romana
1612 2717 1776 2778 dante
1829 2715 2170 2793 congiarium

100 2809 249 2865 acte
292 2804 570 2863 hominem
612 2822 676 2863 se
719 2804 896 2878 magis
938 2804 1171 2863 sentiret
1212 2804 1391 2864 fuisse
1437 2819 1601 2881 quam
1645 2804 1842 2861 civem.
1942 2798 2168 2858 Adven·
2190 2794 2272 2856 26

186 2897 342 2948 tante
372 2887 640 2964 congiarii
682 2886 772 2948 die
806 2886 1112 2947 observare
1143 2889 1415 2964 principis
1445 2902 1745 2963 egressum
1779 2886 1835 2944 in
1862 2882 2169 2962 publicum,

189 2972 436 3033 insidere
474 2973 593 3031 vias
636 2973 891 3031 examina
934 2971 1219 3031 infantium
1266 2969 1599 3049 futurusque
1646 2967 1890 3048 populus
1930 2966 2169 3028 solebat.

190 3057 372 3117 Labor
391 3055 720 3136 parentibus
748 3066 869 3115 erat
898 3063 1181 3116 ostentare
1211 3054 1477 3133 parvulos
1512 3055 1904 3132 inpositosque
1936 3054 2171 3112 cervici·

190 3141 296 3202 bus
336 3139 613 3201 adulantia
640 3140 815 3200 verba
843 3139 1190 3218 blandasque
1217 3156 1398 3199 voces
1429 3138 1707 3199 edocere:
1748 3136 2058 3197 reddebant
2086 3135 2170 3195 illi

101 3236 171 3289 35
193 3244 338 3305 quae
370 3225 756 3287 monebantur.
824 3225 913 3284 Ac
945 3223 1202 3301 plerique
1230 3225 1407 3283 inritis
1436 3223 1702 3302 precibus
1742 3221 1937 3282 surdas
1966 3223 2170 3300 princi-

189 3312 281 3389 pis
310 3327 482 3371 aures.
503 3309 936 3389 obstrepebant,
965 3310 1256 3387 ignarique
1286 3308 1418 3386 quid
1443 3316 1772 3385 rogassent,
1804 3305 1935 3385 quid
1957 3323 2068 3365 non
2090 3308 2168 3362 in-

191 3403 545 3472 petrassent,
589 3393 772 3454 donec
800 3392 966 3473 plane
996 3395 1237 3470 scirent,
1284 3392 1698 3453 differebantur.
1768 3390 1852 3450 Tu
1880 3409 1951 3450 ne
1980 3389 2168 3464 rogari

195 3476 423 3557 quidem
448 3480 784 3555 sustinuisti,
827 3487 885 3538 et
913 3496 1242 3558 quamquam
1267 3477 1630 3539 laetissimum
1658 3475 1837 3538 oculis
1874 3474 1980 3535 tuis
2013 3479 2168 3531 esset
