2467 3850
615 178 1132 247 EPISTULARUM
1158 194 1439 250 35.—-39.
1466 187 1791 264 [44.-48.]
2053 188 2192 253 *¹211

210 335 353 395 tinet
383 335 667 414 inquirere
705 355 939 416 quorum
974 338 1113 399 vitio
1155 338 1225 399 ad
1264 336 1394 399 hoc'
1414 346 1636 419 tempus
1669 349 1876 401 tantam
1901 342 2194 419 pecuniam

209 417 658 480 Nicomedenses
689 420 1064 500 perdiderint,
1107 442 1213 500 ne,
1260 424 1387 483 dum
1416 425 1562 485 inter
1591 443 1661 500 se
1684 425 2093 503 gratificantur,
2135 437 2194 486 et

208 502 594 564 inchoaverint
621 504 799 583 aquae
828 503 1028 566 ductus
1061 516 1118 566 et
1150 506 1497 586 reliquerint.
1566 507 1716 581 Quid
1757 511 1947 588 itaque
1977 525 2188 589 conpe-

206 588 353 648 reris
384 588 579 666 perfer
606 590 664 648 in
692 590 939 650 notitiam
966 609 1162 650 meam.

856 722 1194 793 xxxvnn.
1241 723 1582 805 [XLV111.]2

650 823 703 874 C,
739 824 989 875 PLINIUS
1025 825 1308 876 TRAIANO
1342 826 1757 881 IMPERATORI.

336 926 656 1005 Theatrum,
682 926 924 1005 domine,
949 928 1197 991 Nicaeae
1219 932 1454 991 maxima
1476 933 1583 990 iam
1602 940 1762 1011 parte
1783 940 2185 1010 constructum,
2207 944 2237 995 1

208 1011 587 1090 inperfectum
625 1022 842 1090 tamen,
884 1016 1239 1092 sestertium,
1284 1015 1584 1093 utaudio,
1614 1016 1846 1094 (neque
1874 1018 2020 1076 enim
2049 1018 2188 1076 ratio

122 1096 194 1150 10
213 1095 387 1174 [plus]
419 1115 664 1157 excussa
692 1098 812 1175 est)
850 1097 1086 1178 amplius
1121 1101 1339 1159 centies
1377 1098 1589 1161 hausit:
1629 1118 1836 1159 vereor
1861 1118 1933 1160 ne
1964 1100 2183 1161 frustra.

208 1178 538 1256 Ingentibus
566 1182 714 1240 enim
740 1183 894 1265 rimis
932 1181 1225 1244 descendit
1254 1192 1312 1243 et
1352 1183 1499 1261 hiat,
1542 1185 1664 1245 sive
1706 1186 1762 1243 in
1805 1202 1972 1243 causa
2007 1184 2239 1247 solum2

207 1263 452 1322 umidum
477 1273 534 1323 et
561 1262 753 1342 molle,
785 1267 910 1325 sive
937 1266 1081 1346 lapis
1108 1269 1234 1346 ipse
1264 1268 1495 1344 gracilis
1527 1278 1584 1328 et
1613 1269 1819 1346 putris:
1850 1267 2073 1345 dignum
2098 1278 2187 1328 est

210 1358 369 1408 certe
417 1347 821 1409 deliberatione
873 1352 1019 1410 sitne
1068 1350 1384 1411 faciendum
1422 1370 1491 1411 an
1540 1354 1612 1412 sit
1651 1351 2076 1431 relinquendum
2118 1371 2188 1411 an

208 1434 377 1492 etiam
421 1431 836 1493 destruendum.
914 1433 1055 1493 Nam
1095 1434 1335 1496 fulturae
1377 1453 1446 1495 ac
1488 1436 1940 1496 substructiones
1983 1436 2186 1514 quibus

124 1521 192 1574 15
210 1515 447 1578 subinde
480 1518 786 1596 suscipitur
813 1533 925 1576 non
965 1526 1074 1577 tam
1109 1519 1297 1578 firmae
1344 1519 1476 1578 mihi
1515 1537 1674 1598 quam
1717 1531 2078 1598 sumptuosae
2105 1521 2187 1579 vi-

207 1599 425 1660 dentur.
469 1599 613 1660 Huic
643 1600 862 1660 theatro
888 1620 961 1660 ex
989 1602 1330 1679 privatorum
1360 1601 1856 1679 pollicitationibus
1886 1604 2056 1663 multa
2085 1603 2233 1666 de-3
2287 1615 2312 1632 ‘

204 1685 441 1759 bentur,
487 1694 547 1744 ut
588 1683 854 1743 basilicae
889 1685 1072 1761 circa,
1116 1694 1176 1744 ut
1217 1687 1469 1762 porticus
1512 1704 1680 1763 supra
1720 1705 1964 1747 caveam.
2025 1685 2185 1759 Quae

204 1786 352 1829 nunc
383 1770 564 1827 omnia
595 1768 922 1826 differuntur
951 1776 1210 1829 cessante
1247 1785 1319 1828 eo
1349 1768 1500 1847 quod
1521 1777 1646 1828 ante
1672 1769 2052 1847 peragendum
2074 1780 2181 1829 est.

208 1850 385 1912 Iidem
415 1852 764 1912 Nicaeenses
793 1852 1138 1928 gymnasium
1163 1851 1422 1931 incendio
1456 1852 1715 1911 amissum
1742 1862 1869 1912 ante
1892 1852 2237 1916 adventum4

24 1967 29 1974 ·
121 1938 390 1997 20meum
419 1938 722 1996 restituere
754 1945 1085 2014 coeperunt,
1122 1935 1294 2015 longe
1322 1939 1673 1996 numerosius
1703 1936 1996 2015 laxiusque
2026 1954 2187 2014 quam

204 2022 419 2097 fuerat,
463 2030 521 2079 et
561 2021 669 2079 iam
705 2019 1046 2097 aliquantum
1087 2031 1497 2099 erogaverunt,
1527 2019 1839 2098 periculum
1870 2030 1959 2080 est
1977 2035 2056 2079 ‘ne
2088 2038 2184 2098 pa·

202 2123 324 2165 rum
351 2103 588 2173 utiliter;
618 2106 1035 2182 inconpositum
1066 2108 1212 2165 enim
1234 2115 1293 2165 et
1320 2122 1574 2185 sparsum
1603 2114 1711 2165 est.
1773 2104 2070 2165 Praeterea
2100 2121 2184 2162 ar-

198 2188 509 2266 chitectus,
541 2207 676 2249 sane
708 2187 960 2250 aemulus
995 2191 1117 2250 eius
1156 2207 1188 2248 a
1219 2207 1331 2268 quo
1365 2206 1509 2267 opus
1540 2188 1857 2248 inchoatum
1884 2198 1991 2263 est,
2024 2187 2183 2247 adfir-

202 2282 316 2332 mat
360 2274 608 2351 parietes
641 2291 971 2353 quamquam
1011 2275 1206 2350 viginti
1253 2284 1310 2334 et
1360 2272 1501 2335 duos
1545 2273 1725 2353 pedes
1761 2273 1905 2333 latos
1944 2275 2186 2350 inposita

116 2363 185 2416 25
205 2371 376 2417 onera
404 2360 682 2418 sustinere
713 2375 824 2417 non
860 2376 1037 2436 posse
1055 2404 1072 2435 ,
1111 2361 1239 2437 quia
1269 2360 1379 2418 sint
1409 2365 1699 2418 caemento
1728 2358 1894 2417 medii
1924 2357 2047 2416 farti
2076 2374 2185 2416 nec

201 2450 457 2501 testaceo
487 2458 665 2519 opere
692 2444 1021 2521 praecincti.
1067 2441 1533 2521 Claudiopolitani
1566 2461 1792 2522 quoque
1823 2444 1878 2502 in
1908 2440 2183 2521 depresso
2202 2451 2234 2502 5

201 2524 354 2600 loco,
389 2528 692 2586 inminente
722 2529 886 2586 etiam
914 2536 1124 2604 monte,
1157 2529 1359 2605 ingens
1391 2526 1669 2588 balineum
1699 2526 1987 2587 defodiunt
2006 2526 2183 2601 magis

203 2626 368 2687 quam
407 2609 731 2687 aedificant,
784 2619 840 2669 et
880 2611 1107 2687 quidem
1139 2629 1212 2670 ex
1240 2630 1307 2671 ea
1336 2613 1577 2689 pecunia
1605 2609 2058 2687 quam-buleutae
2089 2606 2183 2678 ad-

203 2692 303 2752 diti
345 2693 625 2753 beneflcio
664 2702 762 2752 tuo
803 2702 896 2752 aut
934 2696 1043 2751 iam
1086 2693 1407 2754 obtulerunt
1446 2694 1520 2753 ob
1569 2695 1850 2752 introitum
1890 2701 1983 2750 aut
2020 2689 2184 2749 nobis

115 2776 558 2853 3oexigentibus
590 2777 906 2835 conferunt.
973 2775 1131 2852 Ergo
1176 2796 1303 2836 cum
1334 2779 1557 2837 timeam
1584 2794 1656 2834 ne
1685 2774 1801 2834 illic
1828 2773 2057 2852 publica
2083 2782 2235 2849 pe-6

201 2862 399 2937 cunia,
446 2859 573 2936 hic,
623 2858 774 2937 quod
805 2867 892 2918 est
936 2863 1084 2918 omni
1125 2863 1367 2937 pecunia
1404 2860 1740 2938 pretiosius,
1796 2874 1989 2917 munus
2029 2866 2184 2915 tuum

179 2943 343 3005 'male
386 2943 758 3019 conlocetur,
805 2959 985 3018 cogor
1020 2952 1222 3020 petere
1265 2962 1296 3002 a
1340 2954 1399 3003 te
1444 2960 1555 3001 non
1596 2940 1778 3001 solum
1809 2940 1880 2999 ob
1909 2940 2198 3000 theatrum-

196 3046 395 3090 verum
422 3029 589 3089 etiam
623 3027 696 3085 ob
743 3026 888 3085 haec
935 3023 1153 3086 balinea
1187 3029 1368 3087 mittas
1408 3025 1774 3086 architectum
1804 3023 2183 3102 dispecturum

198 3121 379 3173 utrum
421 3115 497 3172 sit
536 3109 727 3172 utilius
764 3115 897 3188 post
943 3119 1222 3187 sumptum
1266 3112 1583 3190 qui-factus
1634 3117 1723 3168 est
1762 3126 1987 3187 quoquo
2014 3108 2180 3170 modo

113 3206 181 3259 35
202 3214 585 3257 consummare
615 3213 793 3274 opera
810 3239 826 3271 ,
859 3203 920 3254 nt
949 3194 1208 3256 inchoata
1239 3205 1398 3275 sunt,
1440 3212 1510 3255 an
1539 3210 1681 3271 quae
1709 3193 1967 3256 videntur
1994 3211 2181 3254 emen·

200 3280 376 3341 danda
404 3283 730 3357 corrigere,
780 3296 924 3358 quae
954 3277 1340 3340 transferenda
1368 3276 1706 3355 transferre,
1750 3294 1856 3354 ne,
1901 3277 2027 3336 dum
2061 3295 2182 3337 ser·

196 3382 331 3423 vare
362 3365 622 3427 volumus
655 3364 806 3445 quod
836 3365 1134 3443 inpensum
1162 3374 1284 3442 est,
1328 3364 1475 3428 male
1511 3360 1877 3443 inpendamus
1909 3361 2062 3441 quod
2089 3359 2181 3419 ad-

200 3444 441 3508 dendum
469 3459 577 3510 est.

1736 3527 1861 3594 14*
