2467 3850
666 547 738 630 c.
817 546 1131 632 PLlNl
1212 501 1676 631 ciuem
1770 548 1785 563 ·

1008 695 1336 757 SECUNDI

357 826 1994 944 PANEGYIMGUS.

298 1151 455 1212 Bene
485 1169 553 1213 ac
579 1152 898 1232 sapienter,
927 1160 1122 1232 patres
1152 1154 1491 1233 conscripti,
1534 1152 1775 1212 maiores
1803 1151 2159 1212 instituerunt
2185 1157 2218 1221 1

122 1244 157 1298 5
173 1243 235 1294 ut
260 1254 447 1296 rerum
479 1237 817 1316 agendarum
844 1239 920 1297 ita
950 1237 1173 1298 dicendi
1200 1239 1413 1299 initium
1434 1255 1465 1296 a
1484 1236 1903 1317 precationibus
1929 1252 2158 1314 capere,

174 1319 330 1397 quod
356 1319 490 1379 nihil
518 1324 660 1397 rite,
700 1320 838 1381 nihil
865 1321 1231 1399 providenter
1258 1322 1515 1382 homines
1545 1322 1669 1382 sine
1702 1319 1936 1382 deorum
1963 1322 2163 1379 inmor-

172 1402 367 1462 talium
405 1421 519 1482 ope
564 1404 806 1464 consilio
853 1404 1069 1465 honore
1115 1408 1559 1485 auspicarentur.
1645 1402 1756 1477 Qui
1785 1421 1907 1463 mos
1941 1404 2029 1462 cui
2062 1418 2163 1482 po-

174 1488 284 1547 tius
315 1505 476 1565 quam
507 1487 762 1565 consuli,
804 1498 897 1548 aut
929 1487 1154 1567 quando
1181 1491 1363 1566 magis
1394 1488 1746 1565 usurpandus
1779 1487 2165 1565 colendusque

175 1578 267 1630 est
303 1588 467 1648 quam
509 1590 635 1632 cum
673 1572 912 1648 imperio
954 1582 1217 1649 senatus,
1280 1574 1612 1633 auctoritate
1653 1573 1737 1629 rei
1787 1570 2049 1649 publicae
2095 1569 2166 1630 ad

85 1670 159 1722 10
174 1654 420 1731 agendas
451 1656 663 1732 optimo
694 1655 937 1733 principi
970 1657 1179 1731 gratias
1211 1652 1559 1715 excitamur?
1631 1652 1799 1727 Quod
1824 1658 1970 1714 enim
2000 1672 2162 1734 prae-

173 1737 428 1798 stabilius
465 1747 554 1798 est
580 1747 674 1804 aut
703 1737 992 1815 pulchrius
1021 1757 1217 1798 munus
1250 1739 1484 1799 deorum
1513 1755 1675 1815 quam
1718 1747 1906 1798 castus
1949 1747 2006 1797 et
2039 1756 2162 1797 san-

174 1831 298 1882 ctus
327 1831 386 1882 et
416 1822 521 1882 diis
550 1819 861 1883 simillimus
892 1819 1204 1900 princeps?
1272 1822 1361 1883 Ac
1401 1825 1451 1883 si
1491 1822 1672 1881 adhuc
1704 1819 1932 1880 dubium
1961 1822 2165 1880 fuisset

172 1905 322 1966 forte
352 1888 605 1985 casuque
630 1915 889 1967 rectores
921 1908 1086 1968 terris
1116 1926 1185 1967 an
1215 1904 1405 1986 aliquo
1433 1906 1655 1966 numine
1685 1904 1981 1981 darentur,
2013 1903 2165 1981 prin·

172 1991 363 2067 cipem
388 1999 571 2049 tamen
598 2000 852 2051 nostrum
880 1990 1124 2068 liqueret
1148 1991 1415 2051 divinitus
1439 1992 1814 2051 constitutum.
1867 1987 1995 2047 Non
2019 1988 2165 2046 enim

86 2081 158 2135 15
180 2072 406 2133 occulta
432 2083 716 2151 potestate
743 2074 983 2135 fatorum
1007 2075 1112 2134 sed
1135 2076 1204 2135 ab
1235 2074 1374 2135 Iove
1403 2077 1532 2153 ipso
1567 2090 1754 2134 coram
1779 2090 1846 2132 ac
1868 2071 2048 2151 palam
2074 2088 2163 2130 re-

174 2165 370 2236 pertus
411 2166 526 2227 est3
567 2158 790 2219 electus
825 2161 1039 2237 quippe
1067 2160 1213 2219 inter
1248 2177 1370 2220 aras
1400 2168 1459 2219 et
1489 2157 1680 2219 altaria
1709 2156 2022 2234 eodemque
2052 2153 2165 2214 loci

176 2258 343 2318 quem
376 2241 517 2302 deus
554 2241 652 2302 ille
691 2251 803 2302 tam
839 2242 1171 2304 manifestus
1214 2262 1283 2304 ac
1325 2260 1600 2320 praesens
1644 2259 1806 2320 quam
1849 2239 2065 2300 caelum
2096 2257 2164 2300 ac

175 2323 360 2386 sidera
397 2325 619 2387 insedit.
704 2325 831 2400 Quo
874 2330 1051 2404 magis
1087 2337 1278 2407 aptum
1318 2330 1590 2407 piumque
1632 2335 1722 2387 est
1762 2335 1854 2403 te,
1909 2324 2166 2404 Iuppiter

175 2409 385 2486 optime
410 2413 682 2488 maxime,
714 2421 876 2472 antea
905 2411 1286 2490 conditorem,
1316 2430 1465 2472 nunc
1497 2419 1959 2471 conservatorem
1987 2410 2162 2486 impe-

86 2494 245 2559 zorii
272 2496 481 2571 nostri,
523 2497 745 2572 precari
774 2504 836 2555 ut
863 2496 994 2556 mihi
1030 2495 1196 2573 digna
1229 2496 1500 2573 consule,
1535 2495 1702 2573 digna
1733 2503 1965 2570 senatu,
1999 2492 2166 2569 digna

176 2576 433 2654 principe
474 2580 760 2655 contingat
802 2581 1014 2656 oratio,
1064 2589 1241 2660 utque
1271 2581 1526 2640 omnibus
1558 2597 1700 2658 quae
1732 2578 1988 2638 dicentur
2016 2594 2046 2635 a
2074 2593 2166 2636 me

175 2659 412 2720 libertas
453 2659 592 2720 fides
633 2663 841 2722 veritas
872 2670 1127 2739 constet,
1182 2672 1505 2744 tantumque
1537 2680 1570 2722 a
1603 2663 1803 2740 specie
1834 2659 2163 2719 adulationis

175 2743 325 2803 absit
352 2745 650 2818 gratiarum
683 2746 831 2804 actio
860 2762 985 2803 mea
1013 2755 1274 2822 quantum
1301 2748 1462 2808 abest
1488 2763 1521 2804 a
1547 2746 1913 2805 necessitate.

310 2825 586 2907 Equidem
623 2844 736 2886 non
778 2826 997 2889 consuli
1035 2829 1201 2889 modo
1245 2829 1350 2889 sed
1393 2829 1655 2889 omnibus
1689 2826 1906 2888 civibus
1949 2817 2223 2885 enimn-2

89 2917 160 2971 25
178 2909 307 2970 dum
334 2927 467 2969 reor
493 2928 563 2970 ne
595 2910 724 2990 quid
754 2910 825 2971 de
856 2912 1112 2990 principe
1153 2921 1349 2972 nostro
1391 2914 1466 2972 ita
1511 2911 1694 2971 dicant
1737 2920 1798 2969 ut
1837 2910 1986 2969 idem
2022 2909 2165 2969 illud

178 2994 251 3057 de
292 2993 402 3054 alio
443 2994 552 3054 dici
593 2997 847 3074 potuisse
874 2995 1145 3055 videatur.
1221 2994 1408 3069 Quare
1439 2995 1639 3055 abeant
1668 3012 1739 3054 ac
1766 2994 2034 3054 recedant
2062 3012 2162 3054 vo·

179 3097 280 3139 ces
322 3077 456 3139 illae
505 3096 642 3156 quas
684 3089 865 3140 metus
910 3078 1285 3157 exprimebat:
1335 3078 1470 3143 nihil
1506 3077 1671 3158 quale
1714 3087 1843 3138 ante
1885 3078 2162 3147 dicamus;

176 3161 313 3222 nihil
347 3165 492 3222 enim
519 3162 685 3240 quale
714 3173 877 3223 antea
905 3164 1174 3241 patimur:
1227 3181 1338 3223 nec
1376 3162 1572 3226 eadem
1613 3162 1683 3227 de
1726 3164 1985 3241 principe
2017 3181 2162 3241 quae

178 3247 333 3326 prius
365 3246 780 3324 praedicemus;
820 3265 1007 3324 neque
1054 3248 1202 3307 enim
1229 3248 1425 3308 eadem
1452 3245 1783 3326 quaeprius
1812 3256 2041 3309 secreto
2075 3245 2160 3306 lo·

89 3339 163 3395 30
181 3330 416 3408 quimur.
486 3329 852 3392 Discernatur
885 3331 1229 3391 orationibus
1254 3332 1788 3392 nostris-diversitas
1820 3341 2157 3411 temporum,

178 3423 236 3476 et
258 3430 332 3476 ex
354 3414 480 3493 ipso
503 3433 717 3492 genere
739 3417 1038 3494 gratiarum
1057 3415 1396 3495 agendarum
1415 3415 1773 3497 intellegatur
1799 3417 1910 3494 cui,
1937 3413 2159 3495 quando
