<?xml version="1.0" encoding="UTF-8"?>
<!DOCTYPE html PUBLIC "-//W3C//DTD XHTML 1.0 Transitional//EN"
    "http://www.w3.org/TR/xhtml1/DTD/xhtml1-transitional.dtd">
<html xmlns="http://www.w3.org/1999/xhtml" xml:lang="en" lang="en">
 <head>
  <title>
</title>
<meta http-equiv="Content-Type" content="text/html;charset=utf-8" />
  <meta name='ocr-system' content='tesseract 3.04.00' />
  <meta name='ocr-capabilities' content='ocr_page ocr_carea ocr_par ocr_line ocrx_word'/>
</head>
<body>
  <div class='ocr_page' id='page_1' title='image "./cplinicaecilise00unkngoog_0027.png"; bbox 0 0 2467 3850; ppageno 0'>
   <div class='ocr_carea' id='block_1_1' title="bbox 30 698 1852 1023">
    <p class='ocr_par' dir='ltr' id='par_1_1' title="bbox 30 698 1852 1049">
     <span class='ocr_line' id='line_1_1' title="bbox 565 698 1665 809; baseline -0.001 -2"><span class='ocrx_word' id='word_1_1' title='bbox 565 727 632 807; x_wconf 82' lang='lat' dir='ltr'><strong>o.</strong></span> <span class='ocrx_word' id='word_1_2' title='bbox 689 727 902 807; x_wconf 74' lang='grc' dir='ltr'>ΡιιΝι</span> <span class='ocrx_word' id='word_1_3' title='bbox 959 727 1269 809; x_wconf 64' lang='lat' dir='ltr'><strong>omem</strong></span> <span class='ocrx_word' id='word_1_4' title='bbox 1323 698 1665 807; x_wconf 71' lang='lat' dir='ltr'><strong>sscuNm</strong></span> 
     </span>
     <span class='ocr_line' id='line_1_2' title="bbox 30 794 1852 1023; baseline 0.002 -24"><span class='ocrx_word' id='word_1_5' title='bbox 30 794 39 969; x_wconf 63' lang='lat' dir='ltr'><strong>l</strong></span> <span class='ocrx_word' id='word_1_6' title='bbox 363 885 1852 1023; x_wconf 71' lang='lat' dir='ltr'><strong>EPISTULARUM</strong></span> 
     </span>
    </p>
   </div>
   <div class='ocr_carea' id='block_1_2' title="bbox 858 1079 1361 1138">
    <p class='ocr_par' dir='ltr' id='par_1_2' title="bbox 858 1079 1361 1138">
     <span class='ocr_line' id='line_1_3' title="bbox 858 1079 1361 1138; baseline 0.006 -5"><span class='ocrx_word' id='word_1_7' title='bbox 858 1079 1051 1136; x_wconf 86' lang='lat' dir='ltr'>LIBER</span> <span class='ocrx_word' id='word_1_8' title='bbox 1093 1080 1361 1138; x_wconf 84' lang='lat' dir='ltr'>PRIMUS.</span> 
     </span>
    </p>
   </div>
   <div class='ocr_carea' id='block_1_3' title="bbox 74 1197 1551 1392">
    <p class='ocr_par' dir='ltr' id='par_1_3' title="bbox 74 1197 1551 1392">
     <span class='ocr_line' id='line_1_4' title="bbox 74 1197 1242 1300; baseline 0.001 -1"><span class='ocrx_word' id='word_1_9' title='bbox 74 1249 101 1299; x_wconf 86' lang='lat'>5</span> <span class='ocrx_word' id='word_1_10' title='bbox 1078 1239 1121 1300; x_wconf 92' lang='lat'><strong>1.</strong></span> <span class='ocrx_word' id='word_1_11' title='bbox 1208 1197 1242 1273; x_wconf 47' lang='grc' dir='ltr'>Χ</span> 
     </span>
     <span class='ocr_line' id='line_1_5' title="bbox 647 1335 1551 1392; baseline 0.007 -7"><span class='ocrx_word' id='word_1_12' title='bbox 647 1335 700 1388; x_wconf 87' lang='lat' dir='ltr'><strong>C.</strong></span> <span class='ocrx_word' id='word_1_13' title='bbox 739 1335 989 1388; x_wconf 85' lang='lat' dir='ltr'>PLINIUS</span> <span class='ocrx_word' id='word_1_14' title='bbox 1026 1337 1306 1389; x_wconf 86' lang='lat' dir='ltr'>SEPTICIO</span> <span class='ocrx_word' id='word_1_15' title='bbox 1344 1335 1462 1387; x_wconf 84' lang='lat' dir='ltr'><strong>SUO</strong></span> <span class='ocrx_word' id='word_1_16' title='bbox 1499 1337 1551 1392; x_wconf 85' lang='lat' dir='ltr'><strong>S.</strong></span> 
     </span>
    </p>
   </div>
   <div class='ocr_carea' id='block_1_4' title="bbox 30 1430 2138 1850">
    <p class='ocr_par' dir='ltr' id='par_1_4' title="bbox 30 1430 2138 1684">
     <span class='ocr_line' id='line_1_6' title="bbox 226 1430 2138 1518; baseline 0.005 -29"><span class='ocrx_word' id='word_1_17' title='bbox 226 1430 582 1509; x_wconf 82' lang='lat' dir='ltr'><strong>Frequenter</strong></span> <span class='ocrx_word' id='word_1_18' title='bbox 608 1433 861 1497; x_wconf 82' lang='lat' dir='ltr'><strong>hortatus</strong></span> <span class='ocrx_word' id='word_1_19' title='bbox 891 1457 956 1498; x_wconf 91' lang='lat' dir='ltr'><strong>es</strong></span> <span class='ocrx_word' id='word_1_20' title='bbox 986 1447 1046 1496; x_wconf 90' lang='lat' dir='ltr'><strong>ut</strong></span> <span class='ocrx_word' id='word_1_21' title='bbox 1080 1436 1376 1518; x_wconf 83' lang='lat' dir='ltr'><strong>epistulas,</strong></span> <span class='ocrx_word' id='word_1_22' title='bbox 1404 1438 1453 1496; x_wconf 91' lang='lat' dir='ltr'><strong>si</strong></span> <span class='ocrx_word' id='word_1_23' title='bbox 1484 1453 1622 1513; x_wconf 91' lang='lat' dir='ltr'><strong>quas</strong></span> <span class='ocrx_word' id='word_1_24' title='bbox 1653 1434 1821 1513; x_wconf 90' lang='lat' dir='ltr'><strong>paulo</strong></span> <span class='ocrx_word' id='word_1_25' title='bbox 1847 1437 2088 1497; x_wconf 87' lang='lat' dir='ltr'><strong>curatius</strong></span> <span class='ocrx_word' id='word_1_26' title='bbox 2113 1448 2138 1499; x_wconf 88' lang='lat' dir='ltr'><strong>l</strong></span> 
     </span>
     <span class='ocr_line' id='line_1_7' title="bbox 30 1515 2088 1601; baseline 0.002 -27"><span class='ocrx_word' id='word_1_27' title='bbox 30 1554 31 1557; x_wconf 55' lang='lat'><em>=</em></span> <span class='ocrx_word' id='word_1_28' title='bbox 110 1515 503 1597; x_wconf 80' lang='lat' dir='ltr'><strong>scripsissem,</strong></span> <span class='ocrx_word' id='word_1_29' title='bbox 549 1516 881 1597; x_wconf 81' lang='lat' dir='ltr'><strong>colligerem</strong></span> <span class='ocrx_word' id='word_1_30' title='bbox 903 1522 1380 1601; x_wconf 86' lang='lat' dir='ltr'><strong>publicaremque.</strong></span> <span class='ocrx_word' id='word_1_31' title='bbox 1454 1516 1679 1596; x_wconf 82' lang='lat' dir='ltr'><strong>Collegi</strong></span> <span class='ocrx_word' id='word_1_32' title='bbox 1714 1536 1827 1579; x_wconf 91' lang='lat' dir='ltr'><strong>non</strong></span> <span class='ocrx_word' id='word_1_33' title='bbox 1863 1529 2088 1580; x_wconf 82' lang='lat' dir='ltr'><strong>servato</strong></span> 
     </span>
     <span class='ocr_line' id='line_1_8' title="bbox 108 1596 2087 1684; baseline 0.003 -27"><span class='ocrx_word' id='word_1_34' title='bbox 108 1599 380 1678; x_wconf 86' lang='lat' dir='ltr'><strong>temporis</strong></span> <span class='ocrx_word' id='word_1_35' title='bbox 413 1601 604 1663; x_wconf 87' lang='lat' dir='ltr'><strong>ordine</strong></span> <span class='ocrx_word' id='word_1_36' title='bbox 638 1603 856 1684; x_wconf 84' lang='lat' dir='ltr'><strong>(neque</strong></span> <span class='ocrx_word' id='word_1_37' title='bbox 894 1607 1042 1666; x_wconf 88' lang='lat' dir='ltr'><strong>enim</strong></span> <span class='ocrx_word' id='word_1_38' title='bbox 1079 1596 1366 1666; x_wconf 78' lang='lat' dir='ltr'><strong>historiam</strong></span> <span class='ocrx_word' id='word_1_39' title='bbox 1396 1602 1848 1682; x_wconf 87' lang='lat' dir='ltr'><strong>conponebam),</strong></span> <span class='ocrx_word' id='word_1_40' title='bbox 1884 1603 1989 1663; x_wconf 87' lang='lat' dir='ltr'><strong>sed</strong></span> <span class='ocrx_word' id='word_1_41' title='bbox 2029 1613 2087 1663; x_wconf 94' lang='lat' dir='ltr'><strong>ut</strong></span> 
     </span>
    </p>

    <p class='ocr_par' dir='ltr' id='par_1_5' title="bbox 30 1687 2133 1850">
     <span class='ocr_line' id='line_1_9' title="bbox 30 1687 2133 1768; baseline 0.003 -26"><span class='ocrx_word' id='word_1_42' title='bbox 30 1712 31 1715; x_wconf 36' lang='lat'>¹</span> <span class='ocrx_word' id='word_1_43' title='bbox 43 1702 97 1751; x_wconf 89' lang='lat'><strong>10</strong></span> <span class='ocrx_word' id='word_1_44' title='bbox 112 1701 369 1762; x_wconf 87' lang='lat' dir='ltr'><strong>quaeque</strong></span> <span class='ocrx_word' id='word_1_45' title='bbox 412 1687 468 1744; x_wconf 90' lang='lat' dir='ltr'><strong>in</strong></span> <span class='ocrx_word' id='word_1_46' title='bbox 510 1705 705 1747; x_wconf 89' lang='lat' dir='ltr'><strong>manus</strong></span> <span class='ocrx_word' id='word_1_47' title='bbox 742 1699 992 1749; x_wconf 84' lang='lat' dir='ltr'><strong>venerat.</strong></span> <span class='ocrx_word' id='word_1_48' title='bbox 1065 1689 1343 1768; x_wconf 86' lang='lat' dir='ltr'><strong>Superest</strong></span> <span class='ocrx_word' id='word_1_49' title='bbox 1380 1697 1442 1747; x_wconf 88' lang='lat' dir='ltr'><strong>ut</strong></span> <span class='ocrx_word' id='word_1_50' title='bbox 1476 1706 1586 1747; x_wconf 89' lang='lat' dir='ltr'><strong>nec</strong></span> <span class='ocrx_word' id='word_1_51' title='bbox 1626 1696 1684 1746; x_wconf 92' lang='lat' dir='ltr'><strong>te</strong></span> <span class='ocrx_word' id='word_1_52' title='bbox 1726 1687 1946 1747; x_wconf 90' lang='lat' dir='ltr'><strong>consilii</strong></span> <span class='ocrx_word' id='word_1_53' title='bbox 1975 1698 2133 1753; x_wconf 81' lang='lat' dir='ltr'><strong>nec2</strong></span> 
     </span>
     <span class='ocr_line' id='line_1_10' title="bbox 109 1770 2088 1850; baseline 0.004 -26"><span class='ocrx_word' id='word_1_54' title='bbox 109 1786 197 1826; x_wconf 91' lang='lat' dir='ltr'><strong>me</strong></span> <span class='ocrx_word' id='word_1_55' title='bbox 241 1771 523 1846; x_wconf 84' lang='lat' dir='ltr'><strong>paeniteat</strong></span> <span class='ocrx_word' id='word_1_56' title='bbox 565 1771 855 1850; x_wconf 76' lang='lat' dir='ltr'><strong>obsequii.v</strong></span> <span class='ocrx_word' id='word_1_57' title='bbox 914 1772 998 1834; x_wconf 90' lang='lat' dir='ltr'><strong>Ita</strong></span> <span class='ocrx_word' id='word_1_58' title='bbox 1037 1775 1185 1833; x_wconf 89' lang='lat' dir='ltr'><strong>enim</strong></span> <span class='ocrx_word' id='word_1_59' title='bbox 1224 1774 1323 1834; x_wconf 86' lang='lat' dir='ltr'><strong>fiet</strong></span> <span class='ocrx_word' id='word_1_60' title='bbox 1366 1780 1427 1830; x_wconf 91' lang='lat' dir='ltr'><strong>ut</strong></span> <span class='ocrx_word' id='word_1_61' title='bbox 1468 1789 1565 1831; x_wconf 90' lang='lat' dir='ltr'><strong>eas</strong></span> <span class='ocrx_word' id='word_1_62' title='bbox 1605 1788 1747 1849; x_wconf 88' lang='lat' dir='ltr'><strong>quae</strong></span> <span class='ocrx_word' id='word_1_63' title='bbox 1780 1770 1961 1831; x_wconf 90' lang='lat' dir='ltr'><strong>adhuc</strong></span> <span class='ocrx_word' id='word_1_64' title='bbox 1990 1790 2088 1831; x_wconf 88' lang='lat' dir='ltr'><strong>ne-</strong></span> 
     </span>
    </p>
   </div>
   <div class='ocr_carea' id='block_1_5' title="bbox 30 1849 2083 2000">
    <p class='ocr_par' dir='ltr' id='par_1_6' title="bbox 30 1849 2083 2000">
     <span class='ocr_line' id='line_1_11' title="bbox 30 1849 2083 1993; baseline 0.002 -84"><span class='ocrx_word' id='word_1_65' title='bbox 30 1892 31 1934; x_wconf 66' lang='lat'>3</span> <span class='ocrx_word' id='word_1_66' title='bbox 108 1849 333 1993; x_wconf 48' lang='lat' dir='ltr'><strong>{flelctae</strong></span> <span class='ocrx_word' id='word_1_67' title='bbox 367 1854 552 1915; x_wconf 86' lang='lat' dir='ltr'><strong>iacent</strong></span> <span class='ocrx_word' id='word_1_68' title='bbox 579 1858 890 1936; x_wconf 84' lang='lat' dir='ltr'><strong>requiram,</strong></span> <span class='ocrx_word' id='word_1_69' title='bbox 929 1867 988 1918; x_wconf 91' lang='lat' dir='ltr'><strong>et</strong></span> <span class='ocrx_word' id='word_1_70' title='bbox 1014 1858 1063 1917; x_wconf 90' lang='lat' dir='ltr'><strong>si</strong></span> <span class='ocrx_word' id='word_1_71' title='bbox 1094 1875 1232 1936; x_wconf 89' lang='lat' dir='ltr'><strong>quas</strong></span> <span class='ocrx_word' id='word_1_72' title='bbox 1256 1853 1556 1933; x_wconf 84' lang='lat' dir='ltr'><strong>addidero,</strong></span> <span class='ocrx_word' id='word_1_73' title='bbox 1590 1871 1702 1914; x_wconf 88' lang='lat' dir='ltr'><strong>non</strong></span> <span class='ocrx_word' id='word_1_74' title='bbox 1732 1857 2083 1934; x_wconf 84' lang='lat' dir='ltr'><strong>supprimam.</strong></span> 
     </span>
     <span class='ocr_line' id='line_1_12' title="bbox 30 1953 270 2000; baseline 0.004 -7"><span class='ocrx_word' id='word_1_75' title='bbox 30 1961 31 2000; x_wconf 50' lang='grc' dir='ltr'>ι</span> <span class='ocrx_word' id='word_1_76' title='bbox 161 1953 192 1993; x_wconf 88' lang='lat' dir='ltr'><strong>a</strong></span> <span class='ocrx_word' id='word_1_77' title='bbox 219 1956 270 1995; x_wconf 91' lang='lat' dir='ltr'><strong>e.</strong></span> 
     </span>
    </p>
   </div>
   <div class='ocr_carea' id='block_1_6' title="bbox 648 2018 1547 2258">
    <p class='ocr_par' dir='ltr' id='par_1_7' title="bbox 648 2018 1547 2258">
     <span class='ocr_line' id='line_1_13' title="bbox 1066 2018 1262 2134; baseline 0 0"><span class='ocrx_word' id='word_1_78' title='bbox 1066 2073 1136 2134; x_wconf 90' lang='lat'><strong>11.</strong></span> <span class='ocrx_word' id='word_1_79' title='bbox 1226 2018 1262 2102; x_wconf 45' lang='grc' dir='ltr'>χ</span> 
     </span>
     <span class='ocr_line' id='line_1_14' title="bbox 648 2172 1547 2258; baseline 0.006 -36"><span class='ocrx_word' id='word_1_80' title='bbox 648 2172 700 2223; x_wconf 88' lang='lat' dir='ltr'><strong>c.</strong></span> <span class='ocrx_word' id='word_1_81' title='bbox 734 2173 982 2225; x_wconf 81' lang='lat' dir='ltr'>PLINIUS</span> <span class='ocrx_word' id='word_1_82' title='bbox 1015 2175 1303 2258; x_wconf 54' lang='lat' dir='ltr'><strong>aRmANo</strong></span> <span class='ocrx_word' id='word_1_83' title='bbox 1341 2173 1461 2225; x_wconf 82' lang='lat' dir='ltr'><strong>suo</strong></span> <span class='ocrx_word' id='word_1_84' title='bbox 1494 2173 1547 2227; x_wconf 83' lang='lat' dir='ltr'><strong>S.</strong></span> 
     </span>
    </p>
   </div>
   <div class='ocr_carea' id='block_1_7' title="bbox 30 2270 2131 3592">
    <p class='ocr_par' dir='ltr' id='par_1_8' title="bbox 30 2270 2131 3592">
     <span class='ocr_line' id='line_1_15' title="bbox 227 2270 2128 2353; baseline 0.003 -24"><span class='ocrx_word' id='word_1_85' title='bbox 227 2270 371 2343; x_wconf 85' lang='lat' dir='ltr'><strong>Quia</strong></span> <span class='ocrx_word' id='word_1_86' title='bbox 418 2271 715 2334; x_wconf 88' lang='lat' dir='ltr'><strong>tardiorem</strong></span> <span class='ocrx_word' id='word_1_87' title='bbox 757 2273 1056 2335; x_wconf 87' lang='lat' dir='ltr'><strong>adventum</strong></span> <span class='ocrx_word' id='word_1_88' title='bbox 1100 2284 1256 2336; x_wconf 88' lang='lat' dir='ltr'><strong>tuum</strong></span> <span class='ocrx_word' id='word_1_89' title='bbox 1297 2273 1622 2353; x_wconf 80' lang='lat' dir='ltr'><strong>prospicio,</strong></span> <span class='ocrx_word' id='word_1_90' title='bbox 1673 2271 1874 2331; x_wconf 86' lang='lat' dir='ltr'><strong>librum</strong></span> <span class='ocrx_word' id='word_1_91' title='bbox 1917 2290 2081 2349; x_wconf 85' lang='lat' dir='ltr'><strong>quem</strong></span> <span class='ocrx_word' id='word_1_92' title='bbox 2101 2286 2128 2336; x_wconf 85' lang='lat'><em>1</em></span> 
     </span>
     <span class='ocr_line' id='line_1_16' title="bbox 30 2355 2083 2436; baseline 0.002 -24"><span class='ocrx_word' id='word_1_93' title='bbox 30 2377 37 2402; x_wconf 59' lang='grc' dir='ltr'><em>ν</em></span> <span class='ocrx_word' id='word_1_94' title='bbox 102 2355 390 2432; x_wconf 81' lang='lat' dir='ltr'><strong>prioribus</strong></span> <span class='ocrx_word' id='word_1_95' title='bbox 422 2356 681 2435; x_wconf 87' lang='lat' dir='ltr'><strong>epistulis</strong></span> <span class='ocrx_word' id='word_1_96' title='bbox 716 2360 1080 2436; x_wconf 85' lang='lat' dir='ltr'><strong>promiseram</strong></span> <span class='ocrx_word' id='word_1_97' title='bbox 1111 2359 1373 2420; x_wconf 86' lang='lat' dir='ltr'><strong>exhibeo.</strong></span> <span class='ocrx_word' id='word_1_98' title='bbox 1446 2357 1610 2417; x_wconf 88' lang='lat' dir='ltr'><strong>Hunc</strong></span> <span class='ocrx_word' id='word_1_99' title='bbox 1650 2373 1795 2433; x_wconf 81' lang='lat' dir='ltr'><strong>rogo</strong></span> <span class='ocrx_word' id='word_1_100' title='bbox 1839 2375 1911 2415; x_wconf 87' lang='lat' dir='ltr'><strong>ex</strong></span> <span class='ocrx_word' id='word_1_101' title='bbox 1950 2375 2083 2416; x_wconf 90' lang='lat' dir='ltr'><strong>con·</strong></span> 
     </span>
     <span class='ocr_line' id='line_1_17' title="bbox 103 2438 2082 2520; baseline 0.002 -24"><span class='ocrx_word' id='word_1_102' title='bbox 103 2438 403 2499; x_wconf 89' lang='lat' dir='ltr'><strong>suetudine</strong></span> <span class='ocrx_word' id='word_1_103' title='bbox 432 2448 524 2499; x_wconf 89' lang='lat' dir='ltr'><strong>tua</strong></span> <span class='ocrx_word' id='word_1_104' title='bbox 556 2450 613 2501; x_wconf 91' lang='lat' dir='ltr'><strong>et</strong></span> <span class='ocrx_word' id='word_1_105' title='bbox 643 2439 802 2519; x_wconf 85' lang='lat' dir='ltr'><strong>legas</strong></span> <span class='ocrx_word' id='word_1_106' title='bbox 833 2450 889 2501; x_wconf 90' lang='lat' dir='ltr'><strong>et</strong></span> <span class='ocrx_word' id='word_1_107' title='bbox 917 2442 1223 2520; x_wconf 87' lang='lat' dir='ltr'><strong>emendes,</strong></span> <span class='ocrx_word' id='word_1_108' title='bbox 1268 2461 1339 2502; x_wconf 91' lang='lat' dir='ltr'><strong>eo</strong></span> <span class='ocrx_word' id='word_1_109' title='bbox 1370 2443 1579 2519; x_wconf 84' lang='lat' dir='ltr'><strong>magis,</strong></span> <span class='ocrx_word' id='word_1_110' title='bbox 1610 2440 1761 2519; x_wconf 89' lang='lat' dir='ltr'><strong>quod</strong></span> <span class='ocrx_word' id='word_1_111' title='bbox 1791 2439 1923 2500; x_wconf 87' lang='lat' dir='ltr'><strong>nihil</strong></span> <span class='ocrx_word' id='word_1_112' title='bbox 1955 2450 2082 2500; x_wconf 87' lang='lat' dir='ltr'><strong>ante</strong></span> 
     </span>
     <span class='ocr_line' id='line_1_18' title="bbox 36 2523 2131 2605; baseline 0.003 -24"><span class='ocrx_word' id='word_1_113' title='bbox 36 2538 393 2601; x_wconf 61' lang='lat' dir='ltr'><strong>soperaeque</strong></span> <span class='ocrx_word' id='word_1_114' title='bbox 425 2523 627 2584; x_wconf 91' lang='lat' dir='ltr'><strong>eodem</strong></span> <span class='ocrx_word' id='word_1_115' title='bbox 668 2523 799 2585; x_wconf 90' lang='lat' dir='ltr'><strong>stilo</strong></span> <span class='ocrx_word' id='word_1_116' title='bbox 843 2527 1148 2605; x_wconf 87' lang='lat' dir='ltr'><strong>scripsisse</strong></span> <span class='ocrx_word' id='word_1_117' title='bbox 1178 2527 1394 2587; x_wconf 90' lang='lat' dir='ltr'><strong>videor.</strong></span> <span class='ocrx_word' id='word_1_118' title='bbox 1467 2526 1758 2603; x_wconf 79' lang='lat' dir='ltr'><strong>Temptavi</strong></span> <span class='ocrx_word' id='word_1_119' title='bbox 1789 2527 1936 2585; x_wconf 88' lang='lat' dir='ltr'><strong>enim</strong></span> <span class='ocrx_word' id='word_1_120' title='bbox 1964 2527 2131 2587; x_wconf 84' lang='lat' dir='ltr'><strong>imi-2</strong></span> 
     </span>
     <span class='ocr_line' id='line_1_19' title="bbox 100 2603 2081 2689; baseline 0.002 -24"><span class='ocrx_word' id='word_1_121' title='bbox 100 2608 200 2665; x_wconf 86' lang='lat' dir='ltr'><strong>tari</strong></span> <span class='ocrx_word' id='word_1_122' title='bbox 232 2603 663 2668; x_wconf 85' lang='lat' dir='ltr'><strong>Demosthenen</strong></span> <span class='ocrx_word' id='word_1_123' title='bbox 696 2628 922 2689; x_wconf 87' lang='lat' dir='ltr'><strong>semper</strong></span> <span class='ocrx_word' id='word_1_124' title='bbox 954 2620 1140 2689; x_wconf 89' lang='lat' dir='ltr'><strong>tuum,</strong></span> <span class='ocrx_word' id='word_1_125' title='bbox 1189 2609 1421 2671; x_wconf 83' lang='lat' dir='ltr'><strong>Calvum</strong></span> <span class='ocrx_word' id='word_1_126' title='bbox 1451 2628 1636 2689; x_wconf 81' lang='lat' dir='ltr'><strong>nuper</strong></span> <span class='ocrx_word' id='word_1_127' title='bbox 1671 2627 1886 2684; x_wconf 87' lang='lat' dir='ltr'><strong>meum,</strong></span> <span class='ocrx_word' id='word_1_128' title='bbox 1929 2608 2081 2668; x_wconf 86' lang='lat' dir='ltr'><strong>dum·</strong></span> 
     </span>
     <span class='ocr_line' id='line_1_20' title="bbox 98 2690 2081 2772; baseline 0.004 -25"><span class='ocrx_word' id='word_1_129' title='bbox 98 2698 246 2752; x_wconf 86' lang='lat' dir='ltr'><strong>taxat</strong></span> <span class='ocrx_word' id='word_1_130' title='bbox 277 2690 473 2768; x_wconf 83' lang='lat' dir='ltr'><strong>liguris</strong></span> <span class='ocrx_word' id='word_1_131' title='bbox 504 2695 798 2754; x_wconf 82' lang='lat' dir='ltr'><strong>orationis:</strong></span> <span class='ocrx_word' id='word_1_132' title='bbox 847 2712 972 2753; x_wconf 89' lang='lat' dir='ltr'><strong>nam</strong></span> <span class='ocrx_word' id='word_1_133' title='bbox 999 2697 1111 2753; x_wconf 84' lang='lat' dir='ltr'><strong>vim</strong></span> <span class='ocrx_word' id='word_1_134' title='bbox 1144 2704 1420 2755; x_wconf 86' lang='lat' dir='ltr'><strong>tantorum</strong></span> <span class='ocrx_word' id='word_1_135' title='bbox 1446 2696 1691 2753; x_wconf 85' lang='lat' dir='ltr'><strong>virorum</strong></span> <span class='ocrx_word' id='word_1_136' title='bbox 1729 2694 1894 2771; x_wconf 87' lang='lat' dir='ltr'><strong>pauci</strong></span> <span class='ocrx_word' id='word_1_137' title='bbox 1937 2711 2081 2772; x_wconf 88' lang='lat' dir='ltr'><strong>quos</strong></span> 
     </span>
     <span class='ocr_line' id='line_1_21' title="bbox 30 2773 2126 2856; baseline 0.004 -26"><span class='ocrx_word' id='word_1_138' title='bbox 30 2773 31 2780; x_wconf 76' lang='grc'>’</span> <span class='ocrx_word' id='word_1_139' title='bbox 97 2791 317 2854; x_wconf 68' lang='lat' dir='ltr'><strong>aequus</strong></span> <span class='ocrx_word' id='word_1_140' title='bbox 357 2778 557 2835; x_wconf 88' lang='lat' dir='ltr'><strong>amavit</strong></span> <span class='ocrx_word' id='word_1_141' title='bbox 595 2775 829 2856; x_wconf 86' lang='lat' dir='ltr'><strong>adsequi</strong></span> <span class='ocrx_word' id='word_1_142' title='bbox 868 2788 1125 2856; x_wconf 90' lang='lat' dir='ltr'><strong>possunt.</strong></span> <span class='ocrx_word' id='word_1_143' title='bbox 1195 2778 1321 2839; x_wconf 86' lang='lat' dir='ltr'><strong>Nec</strong></span> <span class='ocrx_word' id='word_1_144' title='bbox 1360 2780 1589 2839; x_wconf 87' lang='lat' dir='ltr'><strong>materia</strong></span> <span class='ocrx_word' id='word_1_145' title='bbox 1616 2779 1741 2856; x_wconf 88' lang='lat' dir='ltr'><strong>ipsa</strong></span> <span class='ocrx_word' id='word_1_146' title='bbox 1769 2776 1931 2853; x_wconf 89' lang='lat' dir='ltr'><strong>huic,</strong></span> <span class='ocrx_word' id='word_1_147' title='bbox 1978 2786 2126 2839; x_wconf 83' lang='lat' dir='ltr'><strong>ve·3</strong></span> 
     </span>
     <span class='ocr_line' id='line_1_22' title="bbox 30 2805 2083 3002; baseline 0.001 -84"><span class='ocrx_word' id='word_1_148' title='bbox 30 2805 229 3002; x_wconf 42' lang='lat' dir='ltr'><strong>{breox</strong></span> <span class='ocrx_word' id='word_1_149' title='bbox 270 2878 329 2918; x_wconf 57' lang='lat' dir='ltr'><strong>ie</strong></span> <span class='ocrx_word' id='word_1_150' title='bbox 350 2860 588 2939; x_wconf 77' lang='lat' dir='ltr'><strong>inprobe</strong></span> <span class='ocrx_word' id='word_1_151' title='bbox 612 2860 811 2939; x_wconf 89' lang='lat' dir='ltr'><strong>dicam,</strong></span> <span class='ocrx_word' id='word_1_152' title='bbox 835 2862 1187 2923; x_wconf 88' lang='lat' dir='ltr'><strong>aemulationi</strong></span> <span class='ocrx_word' id='word_1_153' title='bbox 1208 2864 1570 2942; x_wconf 85' lang='lat' dir='ltr'><strong>repugnavit:</strong></span> <span class='ocrx_word' id='word_1_154' title='bbox 1594 2862 1879 2921; x_wconf 90' lang='lat' dir='ltr'><strong>eratenim</strong></span> <span class='ocrx_word' id='word_1_155' title='bbox 1900 2878 2083 2941; x_wconf 89' lang='lat' dir='ltr'><strong>prope</strong></span> 
     </span>
     <span class='ocr_line' id='line_1_23' title="bbox 30 2939 2081 3024; baseline 0.002 -26"><span class='ocrx_word' id='word_1_156' title='bbox 30 2954 75 2998; x_wconf 38' lang='lat' dir='ltr'><strong>,e</strong></span> <span class='ocrx_word' id='word_1_157' title='bbox 98 2939 303 3003; x_wconf 75' lang='lat' dir='ltr'><strong>totam</strong></span> <span class='ocrx_word' id='word_1_158' title='bbox 333 2947 693 3005; x_wconf 85' lang='lat' dir='ltr'><strong>contentione</strong></span> <span class='ocrx_word' id='word_1_159' title='bbox 734 2945 988 3023; x_wconf 88' lang='lat' dir='ltr'><strong>dicendi,</strong></span> <span class='ocrx_word' id='word_1_160' title='bbox 1031 2947 1184 3024; x_wconf 87' lang='lat' dir='ltr'><strong>quod</strong></span> <span class='ocrx_word' id='word_1_161' title='bbox 1225 2964 1319 3008; x_wconf 89' lang='lat' dir='ltr'><strong>me</strong></span> <span class='ocrx_word' id='word_1_162' title='bbox 1360 2945 1565 3024; x_wconf 85' lang='lat' dir='ltr'><strong>longae</strong></span> <span class='ocrx_word' id='word_1_163' title='bbox 1611 2943 1858 3005; x_wconf 89' lang='lat' dir='ltr'><strong>desidiae</strong></span> <span class='ocrx_word' id='word_1_164' title='bbox 1897 2945 2081 3005; x_wconf 89' lang='lat' dir='ltr'><strong>indor-</strong></span> 
     </span>
     <span class='ocr_line' id='line_1_24' title="bbox 98 3029 2074 3111; baseline 0.002 -27"><span class='ocrx_word' id='word_1_165' title='bbox 98 3029 369 3086; x_wconf 84' lang='lat' dir='ltr'><strong>mientem</strong></span> <span class='ocrx_word' id='word_1_166' title='bbox 408 3031 702 3111; x_wconf 81' lang='lat' dir='ltr'><strong>excitavit,</strong></span> <span class='ocrx_word' id='word_1_167' title='bbox 750 3030 800 3090; x_wconf 89' lang='lat' dir='ltr'><strong>si</strong></span> <span class='ocrx_word' id='word_1_168' title='bbox 839 3029 1007 3090; x_wconf 90' lang='lat' dir='ltr'><strong>modo</strong></span> <span class='ocrx_word' id='word_1_169' title='bbox 1051 3033 1102 3091; x_wconf 89' lang='lat' dir='ltr'><strong>is</strong></span> <span class='ocrx_word' id='word_1_170' title='bbox 1136 3049 1259 3091; x_wconf 88' lang='lat' dir='ltr'><strong>sum</strong></span> <span class='ocrx_word' id='word_1_171' title='bbox 1303 3049 1417 3109; x_wconf 82' lang='lat' dir='ltr'><strong>ego</strong></span> <span class='ocrx_word' id='word_1_172' title='bbox 1458 3032 1554 3109; x_wconf 91' lang='lat' dir='ltr'><strong>qui</strong></span> <span class='ocrx_word' id='word_1_173' title='bbox 1582 3031 1815 3090; x_wconf 83' lang='lat' dir='ltr'><strong>excitari</strong></span> <span class='ocrx_word' id='word_1_174' title='bbox 1844 3032 2074 3108; x_wconf 88' lang='lat' dir='ltr'><strong>possim.</strong></span> 
     </span>
     <span class='ocr_line' id='line_1_25' title="bbox 100 3107 2130 3192; baseline 0.003 -24"><span class='ocrx_word' id='word_1_175' title='bbox 100 3107 223 3170; x_wconf 83' lang='lat' dir='ltr'><strong>Non</strong></span> <span class='ocrx_word' id='word_1_176' title='bbox 252 3119 443 3172; x_wconf 85' lang='lat' dir='ltr'><strong>tamen</strong></span> <span class='ocrx_word' id='word_1_177' title='bbox 475 3114 696 3172; x_wconf 90' lang='lat' dir='ltr'><strong>omnino</strong></span> <span class='ocrx_word' id='word_1_178' title='bbox 725 3112 899 3174; x_wconf 87' lang='lat' dir='ltr'><strong>Marci</strong></span> <span class='ocrx_word' id='word_1_179' title='bbox 924 3116 1102 3174; x_wconf 89' lang='lat' dir='ltr'><strong>nostri</strong></span> <span class='ocrx_word' id='word_1_180' title='bbox 1134 3108 1482 3192; x_wconf 75' lang='grc' dir='ltr'><strong><em>λήκύθους</em></strong></span> <span class='ocrx_word' id='word_1_181' title='bbox 1505 3114 1782 3191; x_wconf 82' lang='lat' dir='ltr'><strong>fugimus,</strong></span> <span class='ocrx_word' id='word_1_182' title='bbox 1817 3116 2076 3191; x_wconf 85' lang='lat' dir='ltr'><strong>quotiens</strong></span> <span class='ocrx_word' id='word_1_183' title='bbox 2094 3121 2130 3174; x_wconf 83' lang='lat'>4</span> 
     </span>
     <span class='ocr_line' id='line_1_26' title="bbox 39 3159 2080 3277; baseline 0.001 -24"><span class='ocrx_word' id='word_1_184' title='bbox 39 3159 51 3276; x_wconf 63' lang='lat' dir='ltr'><strong>l</strong></span> <span class='ocrx_word' id='word_1_185' title='bbox 101 3193 564 3272; x_wconf 75' lang='lat' dir='ltr'><strong>paulumitinere</strong></span> <span class='ocrx_word' id='word_1_186' title='bbox 605 3196 889 3258; x_wconf 86' lang='lat' dir='ltr'><strong>decedere</strong></span> <span class='ocrx_word' id='word_1_187' title='bbox 935 3216 1048 3258; x_wconf 91' lang='lat' dir='ltr'><strong>non</strong></span> <span class='ocrx_word' id='word_1_188' title='bbox 1083 3200 1492 3277; x_wconf 89' lang='lat' dir='ltr'><strong>intempestivis</strong></span> <span class='ocrx_word' id='word_1_189' title='bbox 1530 3197 1955 3258; x_wconf 85' lang='lat' dir='ltr'><strong>amoenitatibus</strong></span> <span class='ocrx_word' id='word_1_190' title='bbox 1986 3197 2080 3257; x_wconf 90' lang='lat' dir='ltr'><strong>ad·</strong></span> 
     </span>
     <span class='ocr_line' id='line_1_27' title="bbox 98 3275 2126 3359; baseline 0.002 -20"><span class='ocrx_word' id='word_1_191' title='bbox 98 3275 490 3342; x_wconf 65' lang='lat' dir='ltr'><strong>mirabamur:</strong></span> <span class='ocrx_word' id='word_1_192' title='bbox 522 3299 686 3342; x_wconf 88' lang='lat' dir='ltr'><strong>acres</strong></span> <span class='ocrx_word' id='word_1_193' title='bbox 720 3285 868 3342; x_wconf 91' lang='lat' dir='ltr'><strong>enim</strong></span> <span class='ocrx_word' id='word_1_194' title='bbox 894 3302 1049 3359; x_wconf 84' lang='lat' dir='ltr'><strong>esse,</strong></span> <span class='ocrx_word' id='word_1_195' title='bbox 1085 3300 1197 3343; x_wconf 91' lang='lat' dir='ltr'><strong>non</strong></span> <span class='ocrx_word' id='word_1_196' title='bbox 1222 3284 1414 3343; x_wconf 83' lang='lat' dir='ltr'><strong>tristes</strong></span> <span class='ocrx_word' id='word_1_197' title='bbox 1443 3280 1788 3344; x_wconf 84' lang='lat' dir='ltr'><strong>volebamus.</strong></span> <span class='ocrx_word' id='word_1_198' title='bbox 1834 3279 1959 3342; x_wconf 89' lang='lat' dir='ltr'><strong>Nec</strong></span> <span class='ocrx_word' id='word_1_199' title='bbox 1988 3291 2126 3343; x_wconf 71' lang='lat' dir='ltr'><strong>ests</strong></span> 
     </span>
     <span class='ocr_line' id='line_1_28' title="bbox 32 3361 2078 3450; baseline -0 -25"><span class='ocrx_word' id='word_1_200' title='bbox 32 3361 249 3441; x_wconf 68' lang='lat' dir='ltr'><strong>aoquod</strong></span> <span class='ocrx_word' id='word_1_201' title='bbox 282 3373 457 3443; x_wconf 81' lang='lat' dir='ltr'><strong>putes</strong></span> <span class='ocrx_word' id='word_1_202' title='bbox 500 3383 591 3425; x_wconf 91' lang='lat' dir='ltr'><strong>me</strong></span> <span class='ocrx_word' id='word_1_203' title='bbox 635 3367 741 3428; x_wconf 88' lang='lat' dir='ltr'><strong>sub</strong></span> <span class='ocrx_word' id='word_1_204' title='bbox 782 3367 888 3426; x_wconf 89' lang='lat' dir='ltr'><strong>hac</strong></span> <span class='ocrx_word' id='word_1_205' title='bbox 928 3368 1269 3450; x_wconf 56' lang='lat' dir='ltr'><strong>exceptione</strong></span> <span class='ocrx_word' id='word_1_206' title='bbox 1310 3368 1529 3425; x_wconf 84' lang='lat' dir='ltr'><strong>veniam</strong></span> <span class='ocrx_word' id='word_1_207' title='bbox 1556 3365 1861 3445; x_wconf 83' lang='lat' dir='ltr'><strong>postulare.</strong></span> <span class='ocrx_word' id='word_1_208' title='bbox 1939 3364 2078 3424; x_wconf 83' lang='lat' dir='ltr'><strong>Nam</strong></span> 
     </span>
     <span class='ocr_line' id='line_1_29' title="bbox 99 3450 2078 3591; baseline -0.001 -83"><span class='ocrx_word' id='word_1_209' title='bbox 99 3464 209 3526; x_wconf 71' lang='lat' dir='ltr'><strong>(po</strong></span> <span class='ocrx_word' id='word_1_210' title='bbox 242 3450 431 3527; x_wconf 82' lang='lat' dir='ltr'><strong>magis</strong></span> <span class='ocrx_word' id='word_1_211' title='bbox 471 3450 751 3511; x_wconf 87' lang='lat' dir='ltr'><strong>intendam</strong></span> <span class='ocrx_word' id='word_1_212' title='bbox 784 3450 964 3511; x_wconf 88' lang='lat' dir='ltr'><strong>limam</strong></span> <span class='ocrx_word' id='word_1_213' title='bbox 1001 3460 1178 3528; x_wconf 89' lang='lat' dir='ltr'><strong>tuam,</strong></span> <span class='ocrx_word' id='word_1_214' title='bbox 1225 3450 1539 3511; x_wconf 85' lang='lat' dir='ltr'><strong>confitebor</strong></span> <span class='ocrx_word' id='word_1_215' title='bbox 1579 3459 1638 3510; x_wconf 90' lang='lat' dir='ltr'><strong>et</strong></span> <span class='ocrx_word' id='word_1_216' title='bbox 1677 3452 1859 3591; x_wconf 75' lang='lat' dir='ltr'><strong>iplsum</strong></span> <span class='ocrx_word' id='word_1_217' title='bbox 1899 3467 1988 3507; x_wconf 90' lang='lat' dir='ltr'><strong>me</strong></span> <span class='ocrx_word' id='word_1_218' title='bbox 2020 3457 2078 3509; x_wconf 91' lang='lat' dir='ltr'><strong>et</strong></span> 
     </span>
     <span class='ocr_line' id='line_1_30' title="bbox 174 3536 460 3592; baseline 0 -2"><span class='ocrx_word' id='word_1_219' title='bbox 174 3536 330 3592; x_wconf 64' lang='lat' dir='ltr'><strong>Prm</strong></span> <span class='ocrx_word' id='word_1_220' title='bbox 358 3537 460 3591; x_wconf 78' lang='lat' dir='ltr'><strong>Ep,</strong></span> 
     </span>
    </p>
   </div>
   <div class='ocr_carea' id='block_1_8' title="bbox 40 2116 91 2165">
    <p class='ocr_par' dir='ltr' id='par_1_9' title="bbox 40 2116 91 2165">
     <span class='ocr_line' id='line_1_31' title="bbox 40 2116 91 2165; baseline 0 0"><span class='ocrx_word' id='word_1_221' title='bbox 40 2116 91 2165; x_wconf 81' lang='lat'><strong>15</strong></span> 
     </span>
    </p>
   </div>
   <div class='ocr_carea' id='block_1_9' title="bbox 29 3147 37 3344">
    <p class='ocr_par' dir='ltr' id='par_1_10' title="bbox 29 3147 37 3344">
     <span class='ocr_line' id='line_1_32' title="bbox 29 3147 37 3344; baseline 0 506"><span class='ocrx_word' id='word_1_222' title='bbox 29 3147 37 3344; x_wconf 95' lang='lat' dir='ltr'><strong> </strong></span> 
     </span>
    </p>
   </div>
  </div>
 </body>
</html>
