2467 3850
368 196 488 260 140
1204 199 1270 259 G.
1315 198 1509 260 PLINI

361 348 521 408 rellia
553 350 686 409 iura.
727 348 973 411 Possunt
1006 368 1148 429 ergo
1180 353 1386 411 intueri
1412 352 1706 413 utilitatem
1739 368 1917 428 suam,
1946 368 2051 430 pro
2083 369 2194 429 qua
2214 351 2348 410 mihi

362 430 468 492 fuit
490 434 751 494 amicitia.
818 434 979 496 Vale.

1279 566 1410 628 XII.

916 663 971 720 c,
1012 666 1262 718 Pmes
1297 665 1536 718 mmmm
1573 666 1692 718 suo
1730 666 1782 717 s,
2357 692 2387 744 5

303 779 331 829 I
486 766 761 828 Libellum
791 767 1085 828 formatum
1112 787 1144 828 a
1170 787 1284 844 me,
1317 770 1464 829 sicut
1488 785 1788 846 exegeraS,
1824 786 1935 847 quo
1959 770 2171 828 amicus
2193 777 2344 844 tuus,

363 854 531 911 immo
564 859 760 913 noster
790 851 955 930 (quid
977 854 1128 911 enim
1158 870 1271 912 non
1296 871 1570 913 conrnune
1601 849 1838 930 nobisZP)
1858 898 1875 929 ‚
1919 854 1966 913 si
2008 871 2103 911 res
2139 869 2347 929 posce-

362 944 472 1011 ret,
503 943 776 1012 uteretur,
812 937 937 996 misi
966 937 1064 996 tibi
1087 935 1216 996 ideo
1237 937 1470 1013 tardius,
1502 955 1573 995 ne
1596 946 1818 1014 tempus
1842 934 2169 995 emendandi
2193 952 2343 1011 eum,

239 1009 248 1022 ’
313 1019 419 1081 2id
451 1027 540 1078 est
570 1018 927 1098 disperdendi
959 1019 1220 1082 haberes.
1266 1019 1514 1080 Habebis
1548 1030 1764 1097 tamen,
1795 1038 1864 1079 an
1891 1018 2220 1079 emendandi
2248 1036 2345 1077 ne·

365 1104 510 1178 scio,
546 1105 738 1180 utique
771 1102 1153 1181 disperdendi.
1188 1095 1399 1183 Ὑμεῖς
1421 1098 1546 1183 γὰρ
1573 1123 1634 1163 οι
1621 1065 1917 1181 ἐύζηλοι
1944 1104 2151 1180 optima
2175 1114 2419 1180 quae-10

312 1196 346 1249 3
366 1204 475 1263 que
505 1185 817 1248 detrahitis.
873 1186 1040 1260 Quod
1070 1189 1119 1247 si
1147 1187 1392 1264 feceris,
1424 1189 1556 1248 boni
1589 1187 1892 1248 consulam.
1961 1185 2166 1246 Postea
2197 1187 2345 1244 enim

362 1268 473 1329 illis
516 1288 589 1330 ex
628 1269 813 1349 aliqua
855 1273 1159 1331 occasione
1202 1281 1262 1331 ut
1298 1274 1442 1333 meis
1482 1282 1605 1332 utar
1644 1280 1703 1332 et
1744 1272 2024 1331 beneficio
2053 1269 2239 1330 fastidi
2268 1270 2344 1329 tui

364 1354 490 1431 ipse
536 1352 834 1431 laudabor,
887 1364 948 1415 ut
987 1356 1044 1413 in
1091 1372 1163 1415 co
1207 1356 1358 1433 quod
1399 1356 1715 1416 adnotatum
1756 1357 2012 1414 invenies
2053 1361 2111 1412 et
2151 1371 2344 1432 supra-

313 1451 349 1498 4
367 1438 580 1513 scripto
610 1434 772 1497 aliter
800 1437 1151 1516 explicitum.
1216 1438 1357 1498 Nam
1390 1457 1516 1499 cum
1547 1441 1866 1518 suspicarer
1888 1439 2132 1499 futurum
2161 1447 2222 1496 ut
2246 1437 2342 1496 tibi

364 1520 626 1581 tumidius
657 1520 964 1597 videretur,
997 1524 1253 1600 quoniam
1283 1532 1372 1583 est
1405 1525 1692 1583 sonantius
1720 1532 1779 1584 et
1807 1522 2028 1597 elatius,
2064 1538 2178 1581 non
2206 1520 2344 1581 alie·
2359 1526 2415 1578 15

361 1621 490 1661 num
518 1606 851 1682 existimavi,
882 1624 953 1666 ne
989 1615 1046 1668 te
1075 1615 1409 1684 torqueres,
1439 1606 1648 1667 addere
1683 1609 1866 1668 statim
1892 1607 2149 1685 pressius
2184 1604 2344 1683 quid·

363 1686 486 1745 dam
522 1697 581 1748 et
610 1688 814 1749 exilius
855 1688 950 1749 vel
982 1691 1173 1768 potius
1204 1690 1467 1751 humilius
1497 1700 1556 1751 et
1585 1692 1780 1769 peius,
1823 1698 2018 1750 vestro
2048 1698 2235 1749 tamen
2263 1691 2343 1748 iu·

311 1783 344 1832 5
362 1769 512 1830 dicio
553 1774 787 1832 rectius.
853 1772 968 1832 Cur
1001 1775 1147 1834 enim
1175 1790 1287 1833 non
1314 1791 1723 1853 usquequaque
1751 1776 2077 1835 tenuitatem
2099 1781 2343 1833 vestram

363 1855 623 1933 insequar
660 1865 718 1916 et
758 1854 1079 1935 exagitem?
1119 1856 1307 1936 Haec,
1356 1868 1415 1918 ut
1453 1860 1598 1918 inter
1637 1861 1774 1920 istas
1809 1858 2215 1957 occupationes
2247 1855 2345 1916 ali·

227 1931 345 2003 *6
364 1939 499 2015 quid
525 1939 821 2017 aliquando
848 1942 1095 2010 rideres;
1129 1942 1268 2001 illud
1297 1945 1482 2019 serio,
1526 1943 1657 2003 vide
1680 1952 1741 2003 ut
1766 1943 1900 2002 mihi
1927 1944 2190 2002 viaticum
2219 1941 2345 2001 red·
2357 1948 2417 2000 20

361 2021 461 2081 das
494 2023 644 2098 quod
676 2025 902 2103 inpendi
932 2025 1055 2085 data
1079 2042 1256 2104 opera
1285 2044 1519 2087 cursore
1549 2027 1798 2087 dimisso.
1840 2025 1929 2086 Ne
1962 2036 2042 2103 tu,
2074 2042 2201 2083 cum
2232 2024 2345 2085 hoc

361 2103 597 2184 legeris,
635 2125 742 2168 non
766 2118 955 2187 partes
983 2108 1162 2168 libelli
1192 2109 1297 2169 sed
1326 2120 1504 2170 totum
1531 2108 1786 2170 libellum
1815 2109 2137 2188 inprobabis
2170 2126 2344 2186 nega-

361 2188 565 2266 bisque
601 2191 770 2251 ullius
801 2193 971 2271 pretii
999 2211 1133 2253 esse
1167 2195 1326 2255 cuius
1356 2196 1597 2273 pretium
1624 2196 1969 2273 reposceris.
2031 2191 2192 2254 Vale.

1268 2326 1424 2388 XIII.
2361 2371 2418 2424 25

928 2423 982 2476 o,
1019 2425 1267 2478 PL1N11JS
1302 2425 1527 2476 FERoci
1561 2424 1680 2476 sno
1714 2423 1767 2479 S.

309 2536 338 2586 1
478 2524 690 2586 Eadem
731 2527 975 2607 epistula
1015 2537 1074 2588 et
1114 2546 1225 2588 non
1266 2528 1496 2588 studere
1540 2536 1597 2588 te
1653 2537 1712 2587 et
1758 2527 1988 2587 studere
2041 2527 2347 2605 significat.

356 2609 685 2687 Aenigmata
724 2610 942 2690 loquor.
1009 2611 1093 2672 Ita
1133 2612 1335 2690 plane,
1389 2611 1572 2672 donec
1614 2610 1930 2671 distinctius
1963 2611 2115 2689 quod
2156 2614 2350 2672 sentio

307 2698 656 2755 2enuntiem.
720 2693 907 2771 Negat
950 2697 1096 2756 enim
1134 2705 1192 2756 te
1234 2696 1502 2771 studere,
1545 2694 1648 2755 sed
1684 2704 1773 2755 est
1812 2704 1921 2754 tam
1960 2695 2136 2774 polita
2180 2713 2352 2773 quam

353 2777 462 2836 nisi
494 2796 526 2837 a
565 2778 826 2839 studente
861 2794 973 2837 non
1002 2789 1194 2856 potest
1223 2779 1426 2838 scribi:
1479 2787 1572 2837 aut
1602 2798 1666 2838 es
1696 2789 1756 2839 tu
1779 2797 1954 2858 super
1979 2797 2175 2840 omnes
2208 2780 2421 2845 bea-3⁰

354 2869 468 2937 tus,
505 2865 555 2922 si
586 2859 716 2921 talia
746 2879 852 2938 per
884 2860 1152 2924 desidiam
1176 2873 1235 2923 et
1266 2865 1439 2923 otium
1467 2864 1716 2941 perficis.
1777 2862 1937 2923 Vale.

1340 2994 1391 3054 11
1425 3039 1439 3053 .

841 3091 895 3146 C.
933 3091 1183 3144 PLINIUS
1220 2994 1575 3143 ΟξῐΙὶΕΙΙΛΙᾸΑΕ
1612 3090 1779 3144 SUAE
1815 3091 1868 3146 S.

306 3208 335 3258 1
478 3192 560 3251 Tu
600 3193 823 3272 quidem
861 3196 1295 3274 honestissime,
1356 3197 1509 3275 quod
1546 3207 1657 3258 tam
1690 3200 1927 3277 inpense
1971 3206 2030 3257 et
2067 3214 2244 3274 rogas
2290 3206 2415 3260 et35

352 3278 536 3350 exigis
571 3289 629 3337 ut
671 3282 854 3356 accipi
893 3281 1114 3339 iubeam
1151 3300 1184 3341 a
1223 3290 1282 3339 te
1317 3283 1559 3360 pretium
1590 3298 1852 3358 agrorum
1881 3299 1992 3340 non
2020 3299 2095 3339 ex
2124 3283 2349 3359 septin-

352 3360 539 3434 gentis
577 3360 835 3437 milibus,
880 3365 1066 3440 quanti
1098 3360 1227 3423 illos
1263 3382 1295 3423 a
1324 3363 1528 3425 liberto
1554 3383 1714 3441 meo,
1758 3365 1862 3424 sed
1902 3383 1977 3423 ex
2009 3366 2343 3441 nongentis,

302 3443 542 3517 2quanti
567 3460 599 3501 a
626 3443 942 3521 publicanis
973 3456 1188 3524 partem
1219 3449 1542 3508 vicesimam
1576 3450 1779 3508 emisti.
1843 3447 2092 3508 Invicem
2128 3466 2247 3525 ego
2289 3458 2349 3509 et
2448 3458 2449 3461 ’
