2467 3850
277 125 403 191 296
1113 127 1182 188 C.
1225 124 1420 188 PLINI

277 295 620 357 promovere
667 278 880 356 vellet,
930 279 1062 359 quia
1097 281 1290 341 mutati
1327 278 1540 341 saeculi
1579 279 1797 357 signum
1832 287 1892 339 et
1930 277 2043 338 hoc
2081 285 2274 356 esset,

278 363 431 442 qnod
457 363 725 425 florerent
751 381 988 443 qnorum
1012 366 1382 443 praecipuum
1408 372 1599 424 votnm
1620 371 1747 423 ante
1770 361 1952 424 fuerat
1974 370 2035 421 ut
2054 379 2276 422 memo·

175 438 257 504 91
279 449 398 508 riae
431 449 703 527 principis
743 447 1118 509 elaberentur.
1183 446 1443 508 Nondum
1476 447 1759 508 biennium
1799 444 2276 524 conpleveramus

277 531 334 591 in
361 532 554 592 officio
576 531 1018 592 laboriosissimo
1047 542 1106 592 et
1127 533 1391 609 maximo,
1423 547 1549 590 cum
1580 539 1640 590 tu
1663 529 1848 606 nobis,
1877 531 2089 607 optime
2116 529 2275 607 prin·

279 617 500 693 cipum,
553 613 861 676 fortissime
901 617 1330 695 imperatorum,
1384 614 1728 675 consulatum
1765 612 2047 690 obtulisti,
2098 621 2159 672 ut
2199 611 2275 672 ad
2298 621 2343 674 ὃ

276 716 549 759 summum
573 698 844 760 honorem
867 698 1048 776 gloria
1077 698 1385 760 celeritatis
1406 697 1729 759 accederet.
1774 697 2006 758 Tantum
2033 697 2181 758 inter
2210 705 2272 757 te

277 791 338 843 et
366 782 495 843 illos
538 784 828 861 principes
856 785 1094 844 interest
1126 785 1221 862 qui
1255 782 1549 843 beneflciis
1576 783 1692 841 suis
1725 781 2272 842 commendationem

276 883 352 927 ex
391 865 719 928 difficultate
762 866 1093 945 captabant,
1134 868 1528 945 gratioresque
1567 865 1976 942 accipientibus
2017 863 2272 924 bonores

274 950 713 1028 arbitrabantur,
745 952 794 1012 si
818 952 972 1029 prius
994 949 1127 1012 illos
1148 950 1474 1030 desperatio
1504 959 1562 1010 et
1590 947 1833 1010 taedium
1862 958 1920 1009 et
1949 946 2145 1009 similis
2172 965 2273 1006 re·

274 1033 476 1111 pulsae
504 1051 657 1094 mora
691 1035 747 1094 in
777 1044 965 1095 notam
995 1034 1266 1113 quandam
1294 1033 1680 1115 pudoremque
1705 1034 2030 1094 vertissent.
2064 1029 2270 1091 Obstat
2294 1040 2373 1092 10

274 1117 614 1178 verecundia
640 1135 754 1197 quo
783 1120 964 1178 minus
991 1135 1432 1198 percenseamus
1455 1135 1569 1197 quo
1591 1127 1885 1196 utrumque
1908 1124 2157 1176 nostrum
2182 1123 2271 1174 te·

272 1201 535 1261 stimonio
563 1204 810 1278 ornaris,
841 1212 901 1262 nt
928 1219 1117 1262 amore
1139 1204 1317 1277 recti,
1345 1218 1536 1262 amore
1569 1203 1653 1261 rei
1682 1201 1941 1282 publicae
1972 1200 2174 1279 priscis
2201 1197 2271 1258 il·

276 1282 347 1345 lis
379 1284 708 1346 consulibus
737 1288 1087 1363 aequaveris.
1141 1285 1345 1345 Merito
1386 1303 1495 1346 nec
1521 1304 1628 1359 ne,
1675 1293 1923 1345 neutram
1952 1285 2007 1343 in
2046 1292 2272 1363 partem

274 1366 589 1428 decernere
619 1369 954 1447 audeamus,
1009 1371 1140 1449 qnia
1167 1387 1279 1429 nec
1307 1369 1393 1430 fas
1425 1378 1515 1430 est
1542 1368 1905 1429 adfirmationi
1938 1376 2066 1428 tuae
2098 1366 2269 1427 dero·

273 1467 411 1527 gare
449 1460 509 1511 et
536 1469 838 1512 onerosum
869 1454 1124 1514 confiteri
1155 1471 1292 1513 vera
1320 1472 1454 1515 esse
1483 1470 1627 1532 quae
1659 1451 1731 1513 de
1761 1452 1958 1528 nobis,
2002 1467 2270 1529 praeser-
2290 1460 2361 1513 15

273 1535 369 1593 tim
398 1543 509 1593 tam
540 1536 863 1614 magnilica,
893 1537 1099 1598 dixisti.
1142 1536 1226 1596 Tu
1255 1546 1439 1597 tamen
1470 1536 1670 1614 dignus
1705 1554 1771 1597 es
1803 1537 1896 1614 qui
1926 1551 2029 1595 eos
2061 1549 2272 1594 consu-

273 1615 361 1677 les
384 1617 557 1678 facias
578 1618 650 1680 de
668 1620 869 1699 quibus
886 1622 993 1683 ista
1015 1622 1203 1700 possis
1222 1620 1570 1700 praedicare.
1593 1619 1828 1681 Tribuas
1848 1620 2086 1695 veniam,
2113 1617 2270 1696 quod

273 1702 419 1761 inter
448 1701 591 1765 haec
625 1704 902 1765 beneficia
929 1714 1022 1765 tua
1049 1706 1425 1782 gratissimum
1446 1713 1535 1767 est
1561 1705 1725 1765 nobis
1755 1702 1906 1783 qnod
1935 1719 2040 1763 nos
2069 1718 2270 1761 rursus

274 1784 531 1863 collegas
573 1806 707 1848 esse
739 1787 986 1849 voluisti.
1038 1786 1121 1849 Ita
1152 1790 1352 1849 caritas
1380 1798 1600 1865 mutua,
1643 1789 1719 1847 ita
1754 1804 2072 1864 congruens
2098 1793 2270 1845 tenor

272 1870 452 1948 vitae,
506 1871 579 1932 ita
627 1889 733 1933 nna
777 1871 1091 1952 eademque
1120 1873 1262 1933 ratio
1290 1874 1569 1952 propositi
1600 1872 1952 1951 postulabat,
2005 1870 2164 1931 cuius
2194 1886 2267 1929 ea
2284 1875 2362 1931 20

272 1954 358 2013 vis
387 1964 447 2015 nt
474 1972 690 2015 morum
717 1956 1018 2017 similitudo
1045 1957 1384 2017 concordiae
1414 1965 1640 2018 nostrae
1662 1956 1897 2034 gloriam
1924 1956 2161 2029 minuat,
2194 1972 2268 2014 ac

271 2037 507 2115 perinde
536 2039 608 2100 sit
635 2042 863 2118 mirum,
899 2043 944 2103 si
980 2039 1121 2101 alter
1152 2050 1402 2102 nostrum
1433 2059 1464 2101 a
1494 2041 1752 2118 collega,
1795 2058 1864 2100 ac
1894 2041 1942 2100 si
1971 2056 2003 2098 a
2035 2055 2098 2099 se
2134 2039 2266 2116 ipse

273 2119 580 2185 dissentiat.
622 2122 750 2183 Non
779 2142 919 2202 ergo
948 2126 1346 2204 temporarium
1373 2135 1431 2185 et
1459 2124 1702 2185 subitum
1729 2133 1817 2185 est
1845 2122 1996 2202 quod
2024 2131 2264 2199 uterque

273 2203 537 2280 collegae
568 2207 860 2268 consulatu
889 2217 1166 2287 tamquam
1197 2211 1397 2268 iterum
1440 2227 1545 2269 suo
1585 2207 1821 2285 gaudet;
1862 2208 1967 2268 nisi
2000 2205 2151 2284 quod
2179 2213 2264 2264 ta·

272 2303 401 2345 men
441 2290 533 2365 qui
563 2307 754 2350 rursus
786 2292 1056 2352 consules
1088 2293 1222 2352 fiunt
1252 2293 1341 2353 bis
1370 2292 1628 2371 quidem,
1671 2290 1775 2351 sed
1803 2290 2148 2369 temporibus
2177 2287 2263 2348 di·
2280 2295 2356 2349 25

271 2372 456 2430 versis
485 2369 836 2451 obligantur,
866 2392 971 2434 nos
997 2376 1141 2436 duos
1166 2375 1495 2437 consulatus
1529 2377 1837 2464 accipimus
1868 2373 2063 2450 simul,
2098 2372 2264 2433 simul

271 2457 554 2530 gerimus,
599 2455 856 2534 alterque
899 2459 954 2516 in
982 2459 1167 2519 altero
1199 2459 1432 2537 consul,
1477 2459 1582 2520 sed
1610 2462 1809 2520 iterum
1838 2469 1897 2519 et
1929 2459 2137 2537 pariter
2166 2474 2265 2516 su·

169 2537 251 2600 92
273 2555 413 2597 mus.
471 2537 619 2599 Illud
657 2557 797 2600 vero
836 2559 999 2620 quam
1041 2543 1298 2621 insigne,
1332 2542 1485 2622 quod
1511 2542 1675 2607 nobis
1705 2543 2012 2623 praefectis
2045 2541 2265 2602 aerario

271 2621 620 2683 consulatum
649 2632 777 2685 ante
808 2643 970 2704 quam
1000 2624 1397 2688 successorem
1433 2626 1665 2688 dedisti!
1693 2628 1878 2687 Aucta
1906 2635 1996 2686 est
2023 2624 2263 2701 dignitas

270 2704 559 2785 dignitate,
581 2725 693 2769 nec
718 2711 1069 2771 continuatus
1093 2720 1302 2772 tantum
1315 2711 1418 2772 sed
1434 2713 1744 2789 geminatus
1770 2718 1858 2771 est
1877 2707 2355 2769 honorlinem-ao

271 2807 384 2865 qne
415 2794 711 2868 potestatis
739 2793 1002 2870 alterius,
1044 2804 1321 2874 tamquam
1351 2812 1545 2873 parum
1572 2804 1729 2856 esset
1758 2795 2065 2872 excipere,
2100 2810 2263 2870 prae·

272 2874 447 2931 venit.
493 2873 664 2936 Tanta
691 2876 791 2936 tibi
821 2880 1159 2955 integritatis
1187 2887 1415 2938 nostrae
1446 2878 1651 2938 iiducia
1680 2878 1783 2939 fuit
1815 2886 1876 2939 ut
1902 2895 2012 2938 non
2044 2875 2263 2937 dubita·
2454 2950 2455 2953 Ἴ

272 2970 368 3010 res
396 2963 454 3014 te
484 2956 639 3020 salva
668 2959 997 3037 diligentiae
1027 2971 1157 3022 tuae
1185 2964 1404 3022 ratione
1434 2961 1744 3039 facturum,
1778 2963 1827 3022 si
1854 2979 1959 3021 nos
1989 2968 2121 3039 post
2149 2976 2264 3018 ma·
2454 2962 2455 3013 1

273 3036 478 3131 {timum
509 3040 754 3102 officium
782 3045 1031 3121 privatos
1058 3063 1192 3106 esse
1220 3062 1331 3104 non
1354 3047 1593 3107 sineres.
1641 3044 1809 3122 Quid,
1842 3045 1993 3123 quod
2022 3041 2264 3104 eundem

275 3135 330 3175 m
365 3134 564 3214 annum
604 3126 951 3187 consulatum
985 3137 1237 3189 nostrum
1282 3126 1613 3190 contulisti?
1681 3127 1838 3207 Ergo
1878 3145 1987 3189 non
2020 3127 2127 3189 alia
2152 3134 2353 3189 nos35

274 3216 476 3276 pagma
501 3219 662 3278 qnam
686 3217 745 3267 te
774 3210 1065 3271 consulem
1090 3214 1357 3290 accipiet,
1383 3222 1441 3273 et
1467 3223 1658 3274 nostra
1671 3231 1898 3292 quoque
1922 3214 2142 3271 nomina
2165 3210 2263 3271 ad·

274 3281 475 3378 dentur
497 3282 658 3367 fastis
680 3293 880 3364 quibus
908 3295 1033 3372 Ipse
1051 3295 1481 3372 praescriberis.
1510 3296 1594 3356 Tu
1611 3297 1850 3357 comitiis
1864 3298 2075 3356 nostris
2100 3311 2266 3373 prae-

274 3362 484 3439 sidere,
518 3371 577 3422 tu
608 3369 770 3428 nobis
801 3378 1206 3439 sanctissimum
1230 3376 1368 3438 illud
1391 3398 1615 3442 carmen
1643 3382 1863 3460 praeire
1887 3378 2149 3457 dignatus
2171 3396 2262 3456 es,
