2467 3850
366 202 444 267 18
1191 199 1257 261 G.
1303 199 1494 261 PLINI

365 340 633 433 accipian
665 353 815 434 quod
837 354 885 413 si
912 362 1185 430 negetur,
1214 352 1366 413 nulla
1396 353 1652 429 oratoris,
1681 353 1915 411 maxima
1941 350 2139 421 iudicis
2172 353 2338 433 culpa

285 457 348 509 11
369 449 476 503 est.
519 439 737 498 Adsunt
764 437 895 497 huic
924 439 1170 515 opinioni
1197 455 1356 497 meae
1381 437 1569 515 leges,
1604 453 1745 514 quae
1775 436 2096 513 longissima
2119 447 2339 516 tempo·

364 543 428 584 ra
469 523 779 600 largiuntur
815 539 925 580 nec
965 521 1297 581 brevitatem
1325 521 1638 580 dicentibus
1669 519 1771 580 sed
1813 522 2052 598 copiam,
2098 520 2209 581 hoc
2248 531 2339 583 est

366 607 707 684 diligentiam
732 603 992 673 suadent;
1024 623 1185 684 quam
1202 614 1486 682 praestare
1513 607 1617 663 nisi
1640 606 1695 663 in
1715 606 2123 680 angustissimis
2153 608 2337 666 causis

283 707 348 760 12
366 709 478 751 non
511 699 703 770 potest
731 690 993 748 brevitas.
1046 688 1300 748 Adiciam
1328 687 1478 767 quod
1505 706 1595 747 me
1636 687 1827 747 docuit
1860 706 2028 765 usus,
2072 690 2340 766 magister
2358 698 2392 752 5

366 776 652 852 egregius.
704 771 1053 850 Frequenter
1082 774 1208 849 egi,
1251 772 1578 850 frequenter
1613 771 1887 848 iudicavi,
1929 771 2257 849 frequenter
2284 774 2342 833 in

368 858 606 920 consilio
634 857 742 916 fni:
764 855 914 916 aliud
945 854 1088 916 alios
1117 865 1344 933 movet,
1368 874 1436 915 ac
1464 856 1794 933 plerumque
1823 871 2026 932 parvae
2053 874 2148 916 res
2169 858 2341 915 maxi-

365 961 483 1001 mas
496 941 730 1002 trahunt.
766 939 931 998 Varia
946 951 1072 1000 sunt
1085 939 1365 998 bominum
1389 939 1613 1016 iudicia,
1642 941 1829 998 variae
1843 938 2159 1001 voluntates
2174 962 2188 999 ε
2207 939 2340 1001 inde

368 1029 461 1105 qui
493 1024 726 1086 eandem
756 1041 979 1083 causam
1001 1023 1162 1083 simul
1184 1023 1494 1100 audierunt,
1532 1040 1705 1102 saepe
1730 1022 2033 1100 diversum,
2065 1023 2342 1083 interdum

285 1121 352 1176 13
366 1109 542 1188 idem,
575 1109 676 1170 sed
711 1127 786 1167 ex
814 1105 1051 1167 diversis
1083 1110 1247 1167 animi
1284 1108 1525 1167 motibus
1566 1109 1825 1168 sentiunt.
1875 1106 2172 1166 Praeterea
2202 1126 2340 1168 suae
2361 1122 2429 1174 10

368 1196 605 1272 quisque
634 1193 935 1251 inventioni
966 1191 1117 1251 favet
1150 1202 1207 1250 et
1236 1193 1395 1269 quasi
1422 1190 1781 1251 fortissimum
1806 1190 2182 1270 amplectitur,
2214 1210 2342 1251 cum
2417 1242 2429 1250 .

368 1278 438 1337 ab
466 1278 578 1336 alio
609 1276 815 1334 dictum
846 1284 934 1335 est
968 1275 1118 1354 quod
1148 1277 1275 1352 ipse
1304 1274 1594 1354 praevidit.
1636 1273 1902 1334 Omnibus
1934 1293 2075 1352 ergo
2105 1274 2342 1334 dandum

288 1373 354 1428 14
372 1370 461 1421 est
492 1357 699 1437 aliquid
728 1358 877 1438 quod
903 1367 1152 1435 teneant,
1188 1360 1341 1436 quod
1369 1368 1694 1436 agnoscant.
1736 1358 1888 1419 Dixit
1915 1358 2210 1436 aliquando
2240 1361 2340 1417 mi-

367 1446 425 1504 hi
440 1443 715 1521 Regulus,
749 1461 874 1501 cum
894 1442 1055 1502 simul
1078 1443 1429 1518 adessemus,
1461 1448 1545 1501 ‘tu
1568 1444 1747 1500 omnia
1777 1460 1917 1520 quae
1942 1451 2069 1502 sunt
2095 1444 2150 1500 in
2173 1461 2344 1503 causa

369 1537 532 1608 putas
575 1526 933 1604 exequenda,
987 1544 1098 1602 ego
1140 1525 1391 1602 iugulum
1424 1528 1608 1587 statim
1645 1526 1846 1603 viden,
1897 1525 2046 1586 hunc
2089 1531 2427 1604 premo'115

287 1625 353 1677 15
370 1613 571 1691 premit
599 1628 732 1670 sane
761 1609 912 1687 quod
939 1609 1135 1687 elegit,
1167 1611 1271 1669 sed
1299 1611 1354 1667 in
1382 1608 1646 1686 eligendo
1668 1609 1995 1688 frequenter
2022 1619 2185 1670 errat.
2227 1610 2341 1670 Re·

370 1695 571 1772 spondi
606 1710 778 1773 posse
810 1694 931 1753 fieri
974 1705 1033 1754 ut
1072 1712 1221 1770 genu
1265 1702 1421 1753 esset
1466 1703 1560 1753 aut
1599 1692 1776 1769 talus,
1821 1694 1915 1753 ubi
1949 1692 2048 1753 ille
2091 1694 2341 1769 iugulum

369 1787 615 1858 putaret:
648 1784 726 1837 ‘at
755 1783 890 1854 ego’
920 1779 1142 1855 inquam
1171 1779 1291 1856 ‘qui
1318 1776 1565 1854 iugulum
1595 1779 1926 1855 perspicere
1947 1795 2056 1837 non
2086 1794 2339 1856 possum,

372 1865 552 1924 omnia
570 1871 911 1942 pertempto,
937 1865 1116 1921 omnia
1132 1864 1417 1942 experior,
1442 1854 1654 1921 πάντα
1676 1861 1914 1940 denique
1939 1860 2135 1921 λίθον
2152 1861 2340 1939 κινῶ,

289 1961 353 2015 16
370 1958 540 2025 utque
571 1950 626 2006 in
666 1945 879 2006 cultura
908 1948 1026 2024 agri
1059 1965 1170 2006 non
1207 1949 1400 2005 vineas
1430 1955 1637 2005 tantum
1676 1963 1870 2005 verum
1899 1947 2062 2006 etiam
2092 1947 2341 2024 arbusta,
2364 1956 2435 2008 20

367 2051 476 2091 nec
505 2032 728 2091 arbusta
755 2039 962 2090 tantum
991 2048 1186 2089 verum
1216 2031 1380 2088 etiam
1412 2044 1638 2104 campos
1673 2047 1807 2089 curo
1840 2038 1898 2089 et
1931 2047 2215 2108 exerceO,
2258 2041 2344 2090 ut-

372 2134 482 2194 que
513 2118 570 2174 in
596 2116 736 2193 ipsis
780 2115 991 2190 campis
1019 2130 1130 2170 non
1173 2113 1257 2171 far
1285 2119 1379 2169 aut
1407 2111 1683 2188 siliginem
1714 2111 1889 2172 solam
1918 2113 2020 2173 sed
2048 2113 2343 2192 hordeum,

372 2198 552 2259 fabam
592 2208 895 2275 ceteraque
928 2195 1208 2272 legumina
1236 2210 1403 2269 sero,
1433 2197 1515 2254 sic
1544 2198 1599 2255 in
1626 2199 1848 2257 actione
1878 2197 2037 2276 plura
2068 2200 2225 2274 quasi
2255 2217 2344 2258 se·

289 2296 352 2350 17
371 2285 513 2341 mina
543 2281 705 2340 latius
737 2297 966 2358 sparge,
991 2288 1051 2338 ut
1081 2297 1223 2356 quae
1255 2281 1616 2356 provenerint
1649 2279 1925 2358 colligam.
1971 2279 2173 2359 Neque
2199 2284 2347 2342 enim

369 2368 549 2426 minus
579 2366 956 2442 inperspicua,
990 2364 1224 2438 incerta,
1263 2360 1478 2421 fallacia
1508 2372 1635 2422 sunt
1662 2363 1901 2424 iudicum
1927 2365 2150 2442 ingenia
2181 2383 2348 2443 quam
2367 2375 2433 2426 25

370 2458 764 2528 tempestatum
806 2383 1378 2588 terrarumquenLNec
1417 2464 1506 2505 me
1550 2450 1818 2526 praeterit
1852 2466 2121 2511 summum
2158 2460 2349 2511 orato·

370 2551 487 2592 rem
516 2530 773 2593 Periclen
800 2532 884 2589 sic
911 2548 944 2589 a
972 2531 1189 2588 comico
1270 2528 1496 2607 upolide
1525 2531 1756 2610 laudari,
1871 2573 1876 2578 ·

828 2615 831 2618 ’
971 2604 1138 2690 πρὸς
1161 2610 1239 2673 δέ
1258 2605 1311 2691 γ’
1340 2605 1548 2674 αὐτοῦ
1584 2615 1672 2697 τῷ
1696 2608 1873 2693 τάχει

671 2688 887 2757 πειθώ
907 2713 1004 2768 τις
1028 2691 1397 2777 ἐπεκάθητο
1422 2705 1589 2759 τοῖσι
1615 2699 1917 2777 χείλεσιν.

674 2770 884 2851 οὕτως
908 2773 1145 2860 ἐκήλει,
1170 2776 1278 2842 καὶ
1300 2775 1502 2860 μόνος
1523 2783 1658 2843 τῶν
1682 2776 1982 2863 ῥητόρων
2371 2800 2443 2854 30

672 2855 745 2922 τὸ
768 2859 1044 2939 κέντρον
1069 2859 1479 2943 ἐγκατέλειπε
1500 2873 1634 2938 τοῖς
1658 2858 2122 2947 ἀκροωμένοις.

294 2957 359 3011 18
372 2947 583 3006 Verum
609 2945 738 3006 huic
775 2949 884 3025 ipsi
915 2946 1118 3008 Pericli
1146 2969 1256 3010 nec
1289 2950 1383 3010 illa
1418 2941 1630 3010 πειθώ
1670 2969 1779 3011 nec
1806 2950 1943 3010 illud
1973 2944 2189 3030 ἐκήλει
2217 2950 2351 3012 bre-

376 3033 543 3091 vitate
563 3029 658 3089 vel
679 3029 983 3093 velocitate
1013 3032 1107 3092 vel
1135 3044 1368 3113 utraque
1400 3032 1689 3111 (differunt
1717 3034 1893 3113 enim)
1925 3036 2046 3095 sine
2077 3035 2354 3096 facultate

378 3130 586 3175 summa
615 3116 961 3192 contigisset.
1014 3116 1153 3176 Nam
1176 3118 1463 3178 delectare
1492 3118 1834 3195 persuadere
1870 3122 2090 3197 copiam
2124 3119 2357 3180 dicendi

379 3198 726 3276 spatiumque
758 3199 1071 3278 desiderat,
1111 3201 1433 3279 relinquere
1470 3217 1608 3260 vero
1640 3202 1896 3263 aculeum
1924 3204 1981 3262 in
2010 3202 2450 3270 audientium&

293 3286 361 3344 19
379 3282 568 3341 animis
596 3283 645 3342 is
675 3282 891 3343 demum
916 3293 1109 3363 potest
1139 3288 1231 3361 qui
1258 3302 1370 3343 non
1401 3286 1621 3364 pungit,
1647 3286 1750 3346 sed
1771 3287 1967 3363 infigit.
2011 3286 2178 3347 Adde
2202 3306 2358 3370 quae

376 3364 447 3430 de
475 3364 676 3427 eodem
702 3366 921 3428 Pericle
953 3370 1202 3429 comicus
1230 3367 1394 3444 alter,

604 3441 954 3535 ἤστραπτ”ς
990 3444 1302 3534 ἐβρόντα,
1327 3446 1663 3514 συνεκύκα
1684 3444 1809 3533 τὴν
1821 3442 2115 3514 Ἐλλάδα.
