2467 3850
584 189 1107 254 EPISTULARUM
1125 190 1256 253 1111.
1296 203 1385 256 20.
1408 201 1493 256 21.
1518 202 1606 256 22.
1631 201 1717 256 23.
2059 196 2142 260 83

148 345 389 421 amicus,
416 345 475 404 in
506 343 853 405 duumviratu
871 343 1181 406 tollendum
1202 344 1658 424 abolendumque
1683 347 1913 408 curavit.
1954 347 2143 426 Nega·

149 428 317 488 batur
352 446 428 487 ex
460 431 794 490 auctoritate
833 428 1060 507 publica
1081 429 1314 492 fecisse.
1356 428 1490 506 Egit
1513 431 1643 508 ipse
1667 448 1890 490 causam
1909 449 2022 492 non
2041 434 2192 495 nni-2

149 530 257 572 nus
300 509 553 573 feliciter
581 531 746 592 quam
780 511 1010 573 diserte.
1071 511 1492 574 conmendabat
1522 515 1805 574 actionem
1828 516 1981 592 quod
2006 526 2143 577 tam-

152 614 321 676 quam
354 595 525 656 homo
555 595 838 656 Romanus
878 607 937 657 et
972 598 1154 658 bonus
1189 599 1330 658 civis
1365 599 1422 656 in
1455 599 1688 675 negotio
1723 615 1829 657 suo
1849 609 2061 659 mature
2086 611 2145 661 et

104 682 407 757 sgraviter
441 679 796 759 loquebatur.
861 678 1002 740 Cum
1026 683 1339 741 sententiae
1374 691 1846 759 perrogarentur,
1897 682 2033 743 dixit
2054 683 2196 744 Iu·3

151 765 282 824 nius
305 762 589 825 Mauricus
603 810 620 840 ,
646 782 764 844 quo
780 766 903 825 viro
924 765 1061 824 nihil
1084 766 1291 825 firmius
1307 810 1326 842 ,
1347 764 1485 825 nihil
1504 767 1728 843 verius,
1764 782 1877 825 non
1901 784 2032 828 esse
2054 786 2144 828 re-

154 847 501 910 stituendum
533 848 945 910 Viennensibus
979 867 1191 927 agona:
1232 849 1441 909 adiecit
1474 849 1710 910 ‘vellem
1744 852 1911 910 etiam
1931 849 2146 912 Romae

152 930 285 992 tolli
314 938 556 1010 posset.’
603 930 975 1010 Constanter,
998 935 1216 1012 inquis,
1248 942 1307 993 et
1327 933 1566 994 fortiter.
1610 931 1860 1007 Quidni?
1894 935 1999 996 sed
2031 925 2198 997 hoc'4

154 1035 189 1076 a
210 1014 463 1076 Maurico
484 1034 692 1077 novum
720 1034 834 1077 non
857 1026 966 1078 est.
1003 1017 1160 1078 Idem
1181 1017 1329 1097 apud
1350 1019 1749 1097 imperatorem
1771 1017 2016 1079 Nervam
2034 1037 2152 1081 non

82 1103 340 1161 lominus
376 1101 610 1162 fortiter.
669 1099 918 1163 Cenabat
942 1100 1132 1162 Nerva
1155 1120 1284 1161 cum
1310 1104 1538 1180 paucis:
1579 1102 1824 1162 Veiento
1860 1105 2149 1182 proximus

152 1194 329 1264 atque
366 1187 530 1245 etiam
562 1188 619 1245 in
664 1188 787 1246 sinu
831 1186 1228 1247 recumbebat:
1280 1186 1394 1246 dixi
1438 1187 1653 1263 omnia,
1700 1205 1827 1245 cum
1866 1188 2151 1248 hominem

153 1270 455 1329 nominavi.
522 1269 721 1330 Incidit
754 1287 942 1331 sermo
975 1269 1047 1331 de
1085 1267 1310 1330 Catullo
1342 1269 1827 1349 Messalino,.qui
1851 1271 2197 1334 luminibus5

157 1354 390 1414 orbatus
429 1354 660 1431 ingenio
693 1372 869 1415 saevo
902 1354 1045 1414 mala
1080 1356 1371 1416 caecitatis
1405 1354 1722 1415 addiderat:
1766 1373 1880 1416 non
1913 1357 2148 1418 vereba-

157 1446 283 1512 tur,
317 1453 431 1496 non
463 1438 871 1514 erubescebat,
905 1456 1018 1499 non
1045 1438 1442 1508 miserebatur;
1494 1456 1608 1518 quo
1642 1441 1872 1518 saepius
1905 1459 1938 1501 a
1958 1441 2150 1502 Domi·

82 1534 141 1587 15
158 1522 312 1581 tiano
340 1538 453 1581 non
476 1540 646 1583 secus
667 1541 736 1583 ac
764 1522 875 1583 tela
892 1569 910 1600 ,
949 1540 1093 1601 quae
1126 1532 1187 1583 et
1215 1525 1342 1601 ipsa
1365 1541 1539 1583 caeca
1561 1532 1623 1584 et
1645 1523 1938 1603 inprovida
1961 1526 2148 1586 ferun·

157 1615 284 1683 tur,
315 1606 374 1664 in
415 1608 684 1683 optimum
718 1624 997 1686 quemque
1033 1608 1530 1685 contorquebatur.
1592 1607 1682 1667 De
1708 1607 1872 1668 huius
1906 1613 2204 1689 nequitiafi

158 1691 643 1769 sanguinariisque
681 1693 977 1752 sententiis
1012 1691 1068 1749 in
1094 1708 1399 1751 commune
1427 1708 1624 1752 omnes
1647 1708 1822 1769 super
1847 1710 2044 1754 cenam
2067 1694 2153 1754 lo·

161 1775 507 1853 quebantur,
530 1778 807 1854 cumipse
831 1778 1135 1854 imperator
1165 1776 1325 1853 ‘quid
1348 1784 1605 1853 putamus
1627 1793 1920 1853 passurum
1944 1776 2147 1856 fuisse,

161 1861 211 1918 si
244 1856 542 1918 viveret?’
599 1868 657 1920 et
700 1858 984 1920 Mauricus
1027 1858 1346 1920 ‘nobiscum
1388 1864 1662 1919 cenaret.2
1721 1858 1970 1937 Longius
2013 1861 2196 1939 abii,7

78 1941 348 2005 2olibens
380 1954 583 2004 tamen.
623 1944 837 2005 Placuit
858 1962 1040 2021 agona
1075 1943 1234 2021 tolli,
1283 1946 1378 2023 qui
1413 1959 1601 2004 mores
1641 1942 2043 2005 Viennensium
2069 1947 2151 2005 in-

160 2027 416 2107 fecerat,
459 2038 521 2089 ut
552 2037 748 2089 noster
778 2030 871 2088 hic
905 2030 1165 2088 omnium.
1231 2027 1374 2088 Nam
1407 2027 1812 2088 Viennensium
1845 2031 1979 2089 vitia
2011 2031 2152 2090 intra

160 2113 323 2190 ipsos
355 2112 640 2190 residunt,
677 2123 869 2173 nostra
904 2112 1015 2174 late
1048 2122 1350 2191 vagantur,
1399 2121 1574 2193 utque
1607 2114 1664 2172 in
1702 2114 2037 2191 corporibus
2066 2115 2152 2175 sic

159 2197 217 2255 in
262 2197 526 2276 imperim
545 2199 912 2275 gravissimus
957 2207 1048 2260 est
1081 2197 1311 2259 morbus
1359 2198 1455 2277 qui
1493 2216 1529 2261 a
1582 2198 1768 2278 capite
1811 2198 2147 2261 diffunditur.

158 2278 325 2340 Vale.

80 2365 145 2419 ²³
1053 2413 1263 2476 xxm.

570 2510 624 2562 Ο.
656 2512 907 2565 PLINIUS
935 2514 1260 2569 POMPONIO
1297 2512 1498 2566 BASSO
1535 2513 1655 2566 SUO
1689 2513 1743 2568 S.

289 2613 547 2692 Magnam
574 2617 705 2693 cepi
725 2615 1106 2695 voluptatem,
1151 2636 1280 2680 cum
1315 2636 1389 2677 ex
1427 2616 1814 2677 communibus
1836 2617 2030 2677 amicis
2058 2634 2152 2676 co·
2173 2628 2201 2679 1

163 2702 337 2778 gnovi
383 2709 441 2759 te
484 2709 544 2759 ut
589 2702 865 2777 sapientia
897 2710 991 2762 tua
1035 2701 1264 2780 dignum
1298 2711 1389 2763 est
1443 2710 1502 2762 et
1535 2700 1840 2779 disponere
1876 2702 2049 2760 otium
2095 2710 2154 2761 et

83 2784 319 2846 3oferre
336 2830 355 2861 ,
400 2783 650 2844 habitare
698 2786 1092 2845 amoenissimo
1136 2797 1196 2846 et
1228 2804 1378 2846 nunc
1413 2794 1563 2846 terra
1594 2801 1741 2844 nunc
1773 2784 1910 2842 mari
1946 2802 2155 2863 corpus

162 2871 412 2945 agitare,
450 2867 680 2927 multum
715 2868 1036 2948 disputare,
1072 2871 1304 2930 multum
1339 2870 1567 2946 audire,
1607 2868 1839 2928 multum
1876 2868 2154 2946 lectitare,

164 2969 407 3032 cumque
432 2951 730 3030 plurimum
762 2955 944 3031 scias,
991 2955 1199 3014 cotidie
1234 2963 1419 3014 tamen
1445 2953 1654 3033 aliquid
1689 2952 2006 3014 addiscere.
2074 2953 2156 3013 Ita
2175 2961 2208 3013 2

165 3054 479 3097 senescere
514 3046 743 3116 oportet
773 3040 955 3097 virum
988 3041 1083 3117 qui
1106 3041 1460 3115 magistratus
1483 3038 1859 3117 amplissimos
1883 3039 2155 3116 gesserit,

167 3123 454 3182 exercitus
476 3124 708 3200 rexerit,
740 3131 1030 3200 totumque
1056 3142 1121 3183 se
1153 3124 1237 3182 rei
1258 3120 1518 3200 publicae
1536 3168 1553 3199 ,
1591 3140 1755 3201 quam
1779 3122 1870 3181 diu
1895 3123 2157 3200 decebat,

81 3213 147 3266 35
168 3206 460 3284 optulerit.
524 3205 666 3266 Nam
704 3216 763 3266 et
802 3209 977 3285 prima
1001 3208 1148 3267 vitae
1176 3217 1433 3285 tempora
1469 3215 1527 3265 et
1559 3206 1743 3267 media
1778 3210 2025 3285 patriae,
2063 3216 2211 3269 ex-3

166 3299 342 3351 trema
364 3290 531 3350 nobis
554 3292 841 3370 impertire
873 3290 1178 3367 debemus,
1221 3299 1283 3350 ut
1315 3293 1473 3369 ipsae
1508 3288 1674 3367 leges
1707 3300 1964 3368 monent,
2011 3309 2158 3371 quae

107 3434 119 3445 ,
163 3377 434 3434 maiorem
460 3379 617 3435 annis
649 3377 768 3436 otio
802 3374 1060 3435 reddunt.
1103 3374 1340 3448 Quando
1363 3373 1494 3433 mihi
1534 3374 1764 3455 licebit,
1810 3375 2029 3452 quando
2051 3384 2209 3455 per4

165 3468 410 3523 aetatem
437 3460 738 3521 honestum
765 3461 874 3521 erit
899 3461 1099 3522 imitari
1125 3459 1276 3522 istud
1307 3458 1718 3541 pulcherrimae
1743 3460 1947 3603 quietis
1971 3474 2158 3518 exem-
