2467 3850
679 164 1203 228 PANEGYRICUS
1240 176 1325 231 72.
1353 177 1436 232 73.
1463 177 1549 232 74.
1997 169 2120 235 285

128 322 461 383 cessitatem
489 322 802 380 servitutis:
834 320 1126 397 ecquando
1154 320 1335 380 simile
1365 320 1572 399 aliquid
1597 318 1841 381 audisti?
1876 340 2119 401 ecquan-

125 405 203 465 do
249 402 473 466 dixisti?
528 403 700 464 Multa
742 403 965 482 quidem
1007 407 1293 481 excogitat
1333 415 1549 482 metus,
1603 405 1706 465 sed
1762 424 1904 483 quae
1948 424 2118 485 appa-

50 560 56 563 ,
122 498 290 548 reant
327 490 576 566 quaesita
601 489 670 548 ab
698 489 911 547 invitis:
962 486 1109 563 aliud
1144 487 1759 565 sollicitudinis,⁴aliud
1798 493 2116 551 securitatis

122 573 414 650 ingenium
452 582 569 639 est:
616 572 723 632 alia
765 572 1005 632 tristium
1047 574 1329 648 inventio,
1392 572 1498 633 alia
1539 573 1928 648 gaudentium:
1980 593 2117 634 neu-

51 669 105 719 5
123 665 275 716 trum
335 656 715 716 simulationes
774 659 1177 734 expresserint.
1256 654 1477 715 Habent
1525 674 1627 715 sua
1673 658 1848 716 verba
1903 659 2114 736 miseri,

123 759 230 801 sua
271 740 445 799 verba
486 740 722 817 felices,
759 750 933 818 utque
975 742 1081 800 iam
1117 742 1353 799 maxime
1397 739 1593 799 eadem
1631 740 1698 799 ab
1743 741 1995 819 utrisque
2035 742 2116 801 di·

125 832 357 902 cantur,
398 822 561 883 aliter
600 823 875 883 dicuntur.
938 822 1124 883 Testis
1167 826 1296 901 ipse
1338 842 1403 883 es
1440 842 1594 906 ‘quae
1633 824 1690 882 in
1731 828 1971 884 omnium
2015 843 2113 885 ore
2137 826 2216 892 73

123 906 358 968 laetitia.
411 906 539 967 Non
568 911 801 967 amictus
835 909 1122 985 cuiquam,
1168 924 1281 966 non
1309 907 1529 967 habitus
1559 926 1726 986 quem
1753 909 1920 968 modo
1955 918 2115 968 extu-

123 991 290 1051 lerat.
350 990 486 1050 Inde
518 990 847 1066 resultantia
885 992 1123 1051 vocibus
1157 1001 1345 1069 tecta,
1388 991 1637 1070 nihilque
1668 995 1832 1052 tantis
1865 993 2116 1053 clamori-

7 1088 108 1138 10
128 1076 240 1135 hus
272 1076 406 1134 satis
437 1073 705 1135 clausum.
765 1074 903 1147 Quis
935 1084 1067 1134 tunc
1095 1093 1208 1134 non
1237 1093 1271 1133 e
1298 1078 1546 1154 vestIgio
1576 1093 1680 1135 suo
1712 1074 1945 1136 exiluit?
1990 1079 2117 1156 quis

125 1157 400 1238 exiluisse
430 1156 649 1219 sensit?
673 1158 856 1234 ,Multa
875 1160 1117 1220 fecimus
1136 1169 1363 1237 sponte,
1399 1160 1560 1238 plura
1585 1161 1851 1220 instinctu
1880 1162 2118 1239 quodam

124 1252 188 1303 et
219 1243 476 1321 imperio.
525 1242 665 1303 Nam
693 1244 902 1320 gaudio
926 1262 1154 1323 quoque
1184 1244 1431 1321 cogendi
1457 1245 1547 1304 vis
1572 1247 1736 1304 inest.
1796 1244 1942 1304 Num
1975 1263 2115 1322 ergo

122 1326 354 1400 modum
383 1329 438 1386 ei
463 1335 556 1386 tua
587 1327 787 1388 saltem
813 1328 1088 1389 modestia
1120 1325 1411 1407 inposuit?
1452 1328 1613 1405 Non,
1644 1338 1849 1406 quanto
1880 1331 2057 1405 magis
2085 1347 2118 1387 a

124 1420 187 1470 te
216 1411 658 1489 reprimebatur,
692 1410 1042 1473 exarsimus?
1091 1430 1203 1470 non
1239 1415 1618 1488 contumacia,
1656 1411 1895 1480 Caesam
1925 1412 2029 1473 sed
2059 1422 2119 1471 ut

19 1505 106 1558 15
128 1496 187 1553 in
217 1502 308 1553 tua
344 1504 629 1572 potestate
657 1505 744 1553 est
767 1507 843 1555 'an
874 1494 1249 1571 gaudeamus,
1298 1497 1374 1554 ita
1406 1497 1463 1554 in
1494 1504 1754 1572 quantum
1787 1515 1895 1557 nec
1922 1498 1979 1555 in
2013 1514 2116 1556 no-

127 1588 264 1638 stra.
304 1575 679 1656 Conprobasti
704 1587 762 1637 et
791 1581 915 1657 ipse
938 1578 1395 1638 adclamationum
1421 1589 1732 1638 nostrarum
1760 1580 1925 1639 fidem
1952 1579 2117 1640 lacri-

126 1679 342 1721 marum
367 1671 583 1721 tuarum
609 1663 868 1722 veritate.
919 1661 1169 1721 Vidimus
1197 1670 1557 1722 umescentes
1590 1661 1788 1722 oculos
1817 1673 1947 1724 tuos
1964 1708 1981 1740 ,
2019 1664 2116 1723 de-

123 1747 474 1824 missumque
496 1745 702 1823 gaudio
727 1746 960 1824 vultum,
990 1754 1311 1822 tantumque
1334 1747 1616 1821 sanguinis
1640 1748 1696 1803 in
1729 1763 1828 1804 ore
1857 1756 2118 1823 quantum

126 1830 185 1887 in
216 1831 397 1888 animo
426 1829 677 1908 pudoris.
728 1830 919 1907 Atque
952 1830 1063 1888 hoc
1090 1831 1267 1904 magis
1300 1830 1520 1888 incensi
1549 1846 1737 1887 sumus
1765 1839 1825 1888 ut
1854 1846 2116 1906 precare·

23 1922 109 1974 20
124 1931 252 1972 mur
278 1933 351 1972 ne
394 1911 613 1992 quando
647 1913 747 1973 tibi
774 1932 896 1996 'non
925 1911 1121 1974 eadem
1156 1926 1325 1972 causa
1350 1910 1737 1990 lacrimarum,
1766 1922 1941 1990 utque
1963 1931 2117 1971 num·

126 2011 296 2076 quam
338 1997 578 2057 frontem
620 2006 767 2056 tuam
812 2043 825 2056 .
863 2044 875 2056 .
910 2039 969 2055 ..
1062 1995 1186 2056 Hoc
1231 1998 1416 2074 ipsum
1456 1996 1557 2057 has
1599 1997 1770 2056 sedes
1812 2015 1917 2057 nos
1961 1998 2119 2074 quasi

126 2097 505 2158 responsuras
555 2083 1002 2158 interrogemus,
1046 2077 1375 2139 viderintne‘
1407 2098 1665 2158 umquam
1717 2082 1989 2158 principis
2039 2079 2117 2138 la·

130 2166 387 2224 crimas:
428 2173 483 2223 at
520 2173 746 2233 senatus
790 2177 967 2243 saepe
1008 2164 1289 2225 viderunt.
1357 2163 1614 2224 Onerasti
1652 2165 1872 2225 futuros
1914 2166 2119 2243 princi-

49 2274 54 2277 *
129 2259 271 2326 pes,
302 2247 405 2308 sed
433 2259 490 2308 et
513 2258 777 2328 posteros
809 2250 1057 2310 nostros.
1096 2246 1234 2309 Nam
1257 2256 1315 2308 et
1344 2247 1401 2308 hi
1429 2267 1461 2308 a
1488 2250 1834 2328 principibus
1858 2250 1975 2308 suis
1997 2250 2116 2307 exi·

30 2342 111 2393 25
134 2341 274 2408 gent
303 2341 364 2391 ut
392 2333 588 2392 eadem
617 2334 808 2392 audire
839 2343 1184 2410 mereantur,
1216 2342 1275 2392 et
1301 2333 1383 2392 illi
1414 2333 1564 2411 quod
1594 2350 1706 2392 non
1734 2334 1953 2393 audiant
1980 2332 2118 2391 indi-

128 2416 461 2492 gnabuntur.
513 2414 663 2476 Nihil
695 2419 874 2495 magis
905 2435 1135 2496 possum
1172 2419 1402 2495 proprie
1430 2416 1623 2478 dicere
1657 2436 1823 2496 quam
1855 2416 2007 2496 quod
2037 2416 2115 2475 di·
2137 2428 2220 2493 74

132 2508 284 2558 ctum
325 2509 413 2561 est
452 2519 485 2560 a
519 2512 723 2561 cuncto
752 2512 981 2579 senatu,
1025 2508 1086 2561 ‘o
1110 2511 1170 2560 te
1198 2501 1483 2562 felicem'!
1549 2501 1715 2574 Quod
1743 2519 1868 2561 cum
1896 2502 2115 2561 dicere·

130 2599 255 2640 mus
273 2629 291 2660 ,
321 2599 434 2643 non
460 2594 610 2663 opes‘
633 2594 755 2646 tuas
787 2585 888 2645 sed
916 2588 1151 2645 animum
1180 2587 1531 2646 mirabamur.
1586 2585 1692 2646 Est
1722 2588 1867 2644 enim
1898 2583 2118 2642 demum

130 2684 269 2725 vera
294 2665 536 2729 felicitas
565 2668 837 2729 felicitate
869 2669 1095 2746 dignum
1128 2669 1327 2728 videri.
1395 2668 1511 2727 Sed
1540 2687 1667 2729 cum
1693 2667 1863 2726 multa
1891 2666 1991 2726 illo
2024 2665 2116 2724 die

40 2759 116 2812 30
134 2750 282 2810 dicta
311 2761 438 2811 sunt
470 2753 756 2830 sapienter
798 2762 856 2812 et
890 2755 1170 2830 graviter,
1212 2761 1328 2811 tum
1354 2751 1447 2811 vel
1481 2754 1535 2810 in
1568 2752 1760 2830 primis
1793 2749 1991 2808 ‘crede
2017 2766 2116 2807 no·-

134 2835 258 2910 bis,
307 2836 477 2895 crede
506 2837 651 2896 tihi'.
710 2837 911 2914 Magna
939 2837 1050 2897 hoc
1087 2837 1288 2895 fiducia
1316 2837 1528 2910 nostri,
1582 2837 1792 2894 maiore
1825 2842 2010 2893 tamen
2036 2833 2118 2892 tu‘i

134 2916 387 2978 diximus.
432 2918 591 2981 Alius
622 2921 769 2980 enim
798 2922 1041 2981 fortasse
1073 2919 1272 2994 alium,
1302 2920 1485 2996 ipsum
1513 2936 1577 2977 se
1606 2936 1770 2977 nemo
1798 2916 2113 2993 deceperit.

133 3001 492 3079 Introspiciat
524 3003 690 3063 modo
713 3006 913 3081 vitam,
945 3022 1123 3081 seque
1160 3003 1291 3081 quid
1322 3012 1601 3061 mereatur
1620 3004 1950 3078 interroget.
1982 2998 2116 3059 Pro-

134 3085 263 3144 inde
287 3086 451 3146 dabat
476 3088 714 3146 vocibus
744 3091 950 3148 nostris
976 3087 1140 3147 iidem
1168 3086 1315 3164 apud
1338 3088 1604 3162 optimum
1626 3087 1938 3163 principem
1965 3084 2118 3163 quod

44 3178 116 3231 35
133 3168 489 3247 aqumalos
524 3170 868 3231 detrahebat.
939 3170 1204 3243 Quamvis
1234 3171 1380 3228 enim
1410 3171 1726 3230 faceremus
1756 3188 1900 3248 quae
1929 3186 2113 3229 aman-

131 3263 222 3313 tes
254 3253 475 3332 solent,
511 3253 594 3313 illi
620 3263 802 3315 tamen
828 3273 941 3315 non
971 3255 1137 3313 amari
1166 3273 1230 3314 se
1262 3253 1565 3313 credebant
1595 3255 1719 3314 sibi.
1761 3254 1946 3332 Super
1972 3253 2116 3313 haec

133 3341 352 3414 precati
384 3356 571 3398 sumus
601 3348 659 3397 ut
692 3341 776 3398 sic
802 3348 860 3400 te
884 3347 1129 3398 amarent
1158 3337 1231 3397 dii
1259 3337 1716 3415 quemadmodum
1738 3347 1797 3397 tu
1819 3355 1940 3397 nos.
1976 3335 2113 3408 Quis

132 3419 246 3480 hoc
271 3429 363 3479 aut
388 3420 459 3480 de
484 3441 548 3482 se
568 3432 660 3483 aut
684 3424 926 3501 principi
954 3422 1169 3485 diceret
1191 3421 1552 3483 mediocriter
1568 3420 1807 3484 amanti?
1830 3422 1938 3482 Pro
1953 3420 2115 3480 nobis
