2467 3850
333 161 464 228 264
1167 158 1232 222 c.
1278 156 1472 221 rum
2455 96 2457 191 l

333 312 578 376 feracius
613 320 674 374 et
711 312 974 390 uberius,
1024 328 1139 373 nou
1176 311 1247 373 ad
1284 311 1505 373 laudem
1540 310 1708 373 modo
1747 309 1855 373 sed
1896 308 1965 374 ad
1993 310 2313 390 pecuniam,

333 399 605 477 principi,
636 398 684 457 si
711 396 924 458 herede
954 395 1055 457 illo
1085 395 1340 458 homiues
1370 396 1511 456 mori
1539 395 1712 457 velint
1742 412 1907 473 quam
1936 397 1986 455 si
2017 404 2310 471 cogantur.

332 481 573 542 Donavit
600 489 761 560 pater
789 488 917 542 tuus
944 479 1112 540 multa
1129 525 1146 557 ,
1173 481 1386 559 etipse
1410 478 1648 541 donasti.
1692 477 1947 541 cesserit
1969 496 2164 558 parum
2183 496 2312 556 gra·
2456 495 2457 562 χ

332 575 451 627 tus:
501 574 721 626 manent
750 574 932 625 tamen
962 565 1000 623 ii
1031 566 1125 643 qui
1153 563 1318 623 bonis
1347 565 1470 624 eius
1493 564 1817 643 fruuntur,
1865 562 2116 641 nihilque
2147 580 2221 622 ex
2246 560 2312 621 il-
2454 577 2458 644 χ

333 648 404 711 lis
431 648 501 710 ad
531 658 589 708 te
616 648 724 707 nisi
752 647 932 726 gloria
957 649 1120 708 redit.
1162 646 1301 707 Nam
1331 646 1717 709 liberalitatem
1750 645 2132 708 iucundiorem
2154 645 2310 707 debi·
2328 660 2363 715 5

333 742 425 793 tor
451 742 676 810 gratus,
721 731 1013 792 clariorem
1044 734 1294 809 ingratus
1324 731 1475 792 facit.
1516 730 1662 792 ·Sed
1696 732 1820 810 quis
1849 737 1977 791 ante
2003 739 2060 791 te
2091 729 2313 790 laudem
2456 731 2457 738 ’

334 819 496 879 istam
522 817 795 896 pecuniae
826 813 1129 894 praetulit?
1168 823 1373 894 quotus
1402 815 1642 894 quisque
1669 817 1981 894 principum
2010 833 2083 874 ne
2109 812 2169 872 id
2193 815 2312 892 qui·

335 900 463 961 dem
490 902 543 959 in
573 901 917 979 patrimoniis
947 901 1155 962 nostris
1185 917 1346 960 suum
1366 900 1521 960 duxit
1549 900 1699 977 quod
1721 908 1876 961 esset
1895 899 1968 959 de
1986 893 2132 959 suo?
2160 895 2315 957 Non·

334 1001 408 1044 ne
436 994 496 1045 ut
523 1001 719 1062 regum
745 986 820 1044 ita
851 981 1154 1046 Caesarum
1180 999 1407 1043 munera
1433 982 1623 1043 inlitos
1654 983 1798 1043 cibis
1821 982 2047 1059 hamos,
2080 991 2315 1060 opertos
2456 1053 2457 1060 ἵ

334 1067 543 1148 praeda
574 1066 810 1147 laqueos
839 1066 1288 1145 aemulabantur,
1332 1084 1458 1127 cum
1496 1068 1725 1147 privatis
1768 1065 2123 1127 facultatibus
2156 1064 2316 1125 velut
2330 1079 2394 1133 10

334 1152 530 1213 hausta
551 1162 608 1213 et
636 1151 997 1231 multiplicata
1013 1161 1167 1213 retro
1185 1168 1379 1211 secum
1397 1151 1664 1230 quidquid
1678 1153 1972 1228 attigerant
1994 1144 2317 1210 referrent?
2456 1143 2457 1210 l

237 1242 321 1307 44
463 1234 640 1309 Quam
668 1234 803 1296 utile
835 1244 923 1296 est
951 1236 1020 1295 ad
1047 1253 1207 1296 usum
1241 1235 1613 1296 secundorum
1647 1252 1763 1313 per*
1788 1234 2026 1294 adversa
2054 1231 2316 1294 venisse!

335 1317 537 1380 Vixisti
570 1319 861 1380 nobiscum
879 1364 896 1396 ,
930 1319 1280 1398 periclitatus
1308 1337 1404 1396 es,
1446 1320 1712 1395 timuisti,
1755 1336 1899 1397 quae
1925 1327 2059 1378 tunc
2084 1325 2206 1377 erat
2230 1318 2316 1377 in·

332 1403 655 1466 nocentium
685 1404 815 1463 vita.
874 1403 1001 1463 Scis
1031 1412 1089 1464 et
1122 1412 1395 1481 expertus
1424 1421 1488 1463 es
1525 1411 1728 1482 quanto
1758 1417 1936 1480 opere
1964 1400 2320 1462 detestentur

336 1485 517 1547 malos
534 1487 823 1566 principes
847 1487 1012 1546 etiam
1035 1489 1129 1565 qui
1151 1485 1329 1548 malos
1351 1486 1576 1547 faciunt.
1612 1483 1910 1546 Meministi
1939 1502 2083 1563 quae
2114 1493 2314 1563 optare
2331 1494 2392 1548 15
2456 1493 2457 1502 ’

338 1569 667 1646 nobiscum,
703 1587 846 1648 quae
881 1572 960 1630 sis
992 1572 1152 1649 queri
1180 1569 1396 1631 solitus.
1444 1569 1584 1630 Nam
1616 1571 1836 1649 privato
1870 1569 2080 1629 iudicio
2111 1569 2318 1647 princi·

340 1669 470 1732 pem
510 1655 697 1731 geris,
736 1651 1025 1714 meliorem
1063 1654 1230 1713 immo
1269 1662 1326 1714 te
1369 1663 1623 1733 praestas
1663 1671 1830 1732 quam
1864 1653 1963 1713 tibi
1994 1651 2159 1713 alium
2188 1668 2317 1731 pre·

341 1736 559 1797 cabare.
628 1734 823 1817 Itaque
856 1740 941 1798 sic
968 1737 1143 1797 inbuti
1184 1755 1374 1798 sumus
1400 1747 1494 1815 ut,
1541 1737 1743 1816 quibus
1771 1745 1892 1798 erat
1921 1753 2130 1798 summa
2154 1744 2318 1795 voto·

338 1839 460 1880 rum
486 1821 686 1882 melior
715 1824 963 1901 pessimo
996 1822 1298 1900 princeps,
1340 1822 1446 1881 iam
1470 1838 1581 1881 non
1605 1823 1886 1901 possimus
1914 1823 2021 1882 nisi
2049 1820 2319 1898 optimum

340 1905 513 1967 ferre.
565 1901 744 1967 Nemo
773 1913 862 1968 est
891 1921 1029 1982 ergo
1060 1912 1169 1967 tam
1195 1907 1308 1984 tui,
1338 1913 1448 1966 tam
1479 1905 1703 1985 ignarus
1732 1907 1820 1968 sui
1846 1912 1908 1965 ut
1936 1904 2123 1966 locum
2149 1905 2399 1965 istum20

340 1998 551 2070 postte
575 1992 958 2069 concupiscat.
1005 1988 1251 2051 Facilius
1275 1999 1365 2053 est
1384 1999 1447 2050 ut
1465 2009 1600 2051 esse
1621 1989 1821 2068 aliquis
1850 2004 2159 2052 successor
2188 1996 2320 2049 tuus

341 2075 524 2152 possit
552 2090 715 2152 quam
743 2084 803 2134 ut
832 2074 987 2134 velit.
1031 2072 1172 2146 Quis
1201 2074 1349 2137 enim
1378 2090 1545 2134 curae
1567 2082 1695 2134 tuae
1716 2072 1921 2135 molem
1951 2081 2152 2152 sponte
2188 2070 2341 2132 sub·-
2456 2098 2457 2109 κ

340 2154 470 2217 eat?-
521 2159 646 2236 quis
679 2159 971 2237 conparari
999 2157 1098 2217 tibi
1126 2172 1240 2217 non
1265 2154 1634 2218 reformidet?
1685 2156 1974 2236 Expertus
2007 2164 2065 2216 et
2099 2157 2226 2234 ipse
2253 2173 2319 2216 es

342 2257 505 2318 quam
532 2241 607 2301 sit
636 2257 937 2302 onerosum
972 2240 1285 2304 succedere
1320 2242 1470 2305 bono
1504 2241 1775 2321 principi,
1807 2249 1864 2301 et
1893 2238 2193 2301 adferebas
2220 2255 2320 2298 ex·

344 2323 689 2383 cusationem
723 2323 993 2404 adoptati.
1036 2324 1126 2385 An
1160 2342 1330 2403 parva
1360 2342 1647 2404 pronaque
1677 2334 1804 2386 sunt
1833 2324 1903 2383 ad
1936 2321 2322 2384 aemulandum
2335 2323 2399 2377 25

342 2404 496 2485 quod
515 2422 681 2466 nemo
701 2407 1135 2468 incolumitatem
1156 2408 1497 2488 turpitudine
1520 2404 1818 2489 rependit?
1847 2406 2014 2468 Salva
2035 2415 2124 2469 est
2146 2407 2323 2466 omni-

342 2490 447 2550 bus
476 2490 588 2550 vita
617 2498 676 2551 et
706 2489 947 2569 dignitas
969 2493 1118 2552 vitae
1136 2537 1152 2569 ,
1182 2510 1292 2552 nec
1320 2493 1426 2553 iam
1457 2494 1842 2554 consideratus
1876 2509 1945 2551 ac
1975 2493 2200 2570 sapiens
2228 2490 2327 2569 qui

340 2582 581 2636 aetatem
605 2575 662 2634 in
689 2576 939 2637 tenebris
967 2578 1103 2653 agit.
1144 2575 1357 2637 Eadem
1387 2574 1596 2656 quippe'
1619 2577 1722 2636 sub
1746 2577 2002 2659 principe
2029 2575 2328 2635 virtutibus

342 2660 588 2739 praemia
608 2676 751 2738 quae
781 2661 837 2719 in
864 2658 1147 2737 libertate,
1177 2677 1287 2721 nec
1317 2659 1651 2721 benefactis
1681 2669 1890 2720 tantum
1925 2677 1999 2719 ex
2028 2659 2327 2718 conscieu-
2444 2686 2449 2693 ·

341 2745 418 2807 tia
444 2760 685 2805 merces.
727 2744 899 2806 Amas
929 2746 1293 2805 constantiam
1322 2745 1525 2804 civium
1549 2753 1856 2821 rectosque
1878 2761 1946 2803 ac
1965 2741 2187 2802 vividos
2209 2743 2405 2806 ani-30

343 2842 467 2885 mos
496 2845 641 2904 non,
673 2837 732 2888 ut
759 2827 885 2906 alii,
918 2828 1212 2889 contundis
1242 2827 1635 2908 ac,deprimis,
1670 2826 1774 2889 sed
1803 2826 1969 2888 foves
2005 2833 2064 2887 et
2092 2824 2329 2887 attollis.

346 2909 584 2973 Prodest
611 2911 791 2973 bonos
822 2930 987 2990 esse,
1040 2930 1167 2972 cum
1194 2914 1268 2973 sit
1301 2914 1435 2973 satis
1477 2911 1845 2990 abundeque,
1897 2912 1947 2972 si
1980 2925 2092 2970 non
2121 2916 2331 2969 nocet:

345 2993 433 3053 his
464 2992 745 3072 honores,
786 2995 874 3055 his
906 2995 1253 3072 sacerdotia,
1294 2996 1381 3057 his
1411 2997 1728 3075 provincias
1758 2994 1961 3056 offers:
2001 2994 2058 3053 hi
2084 2994 2334 3054 amicitia

348 3083 473 3151 tua,
501 3075 559 3135 hi
589 3077 804 3138 iudicio
832 3079 1051 3141 florent.
1104 3077 1398 3140 Acuuntur
1426 3081 1535 3140 isto
1566 3079 1899 3156 integritatis
1934 3085 1992 3138 et
2021 3076 2334 3139 industriae

349 3160 535 3236 pretio
574 3160 819 3237 similes,
869 3161 1169 3223 dissimiles
1206 3162 1573 3225 adliciuntur:
1620 3179 1746 3223 nam
1774 3163 2020 3240 praemia
2049 3160 2411 3224 bonorum-⁹15

350 3238 733 3318 malorumque
771 3244 951 3305 bonos
990 3262 1057 3306 ac
1097 3245 1274 3306 malos
1305 3246 1533 3323 faciunt.
1599 3246 1766 3306 Pauci
1797 3244 1941 3306 adeo
1972 3246 2204 3323 ingenio
2233 3262 2336 3305 va·

353 3322 470 3381 lent
491 3330 555 3381 ut
591 3339 701 3381 non
737 3333 903 3403 turpe
935 3328 1380 3409 honestumque,
1435 3339 1602 3408 prout
1630 3331 1775 3390 bene
1806 3338 1899 3389 aut
1925 3346 2095 3389 secus
2126 3330 2334 3405 cessit,

356 3411 621 3481 expetant
663 3405 975 3482 fugiantve3
1028 3413 1237 3488 ceteri,
1292 3414 1387 3473 ubi
1432 3414 1642 3478 laboris
1687 3414 1919 3475 inertiae
1937 3458 1954 3491 ‚
2007 3411 2337 3490 vigilantiae
