2467 3850
299 191 419 253 136
1138 192 1201 254 G.
1244 192 1437 254 PLINI

248 344 512 422 7Accepi
546 345 691 403 enim
726 361 837 404 nou
875 344 1053 403 minus
1082 343 1357 405 interdum
1387 345 1687 406 oratorium
1720 362 1854 404 esse
1888 352 2081 404 tacere
2111 360 2279 422 quam

296 427 510 505 dicere,
535 427 717 506 adque
743 427 885 488 adeo
907 437 1107 505 repeto
1133 447 1223 488 me
1249 429 1573 506 quibusdam
1607 431 1806 508 capitis
1832 430 1946 487 reis
1973 427 2067 487 vel
2096 429 2278 504 magis

248 510 518 577 &silentio
558 529 721 589 quam
750 514 1003 571 oratione
1043 515 1460 573 accuratissima
1486 514 1790 592 profuisse.
1855 510 2035 571 Mater
2067 513 2277 572 amisso

294 595 408 655 filio
442 595 607 673 (quid
637 597 782 654 enim
813 594 1096 673 prohibet,
1133 614 1461 674 quamquam
1489 597 1595 655 alia
1622 598 1765 657 ratio
1796 594 2129 656 scribendae
2153 596 2276 672 epi-

293 678 474 739 stulae
504 678 707 755 fuerit,
752 677 824 737 de
867 678 1066 738 studiis
1110 679 1392 757 disputare
1408 678 1468 757 7)
1500 680 1738 740 libertos
1767 681 1889 739 eius
1922 677 2333 755 eosdemque5

295 761 612 822 coheredes
645 780 780 823 suos
817 761 943 822 falsi
978 772 1035 822 et
1075 764 1337 822 veneficii
1375 782 1510 823 reos
1542 762 1821 823 detulerat
1850 761 1919 820 ad
1963 763 2278 840 principem

246 846 655 923 9iudicemque
686 848 1062 924 inpetraverat
1095 845 1294 906 Iulium
1325 847 1670 906 Servianum.
1734 845 2110 905 Defenderam
2139 862 2275 904 reos

295 931 506 1006 ingenti
548 929 770 1007 quidem
809 939 1006 995 coetu:
1060 939 1180 989 erat
1224 932 1370 990 enim
1411 948 1577 991 causa
1603 932 1924 1005 notissima„
1975 937 2276 1007 praeterea

295 1015 567 1090 utrimque
604 1015 825 1089 ingenia
857 1012 1185 1073 clarissima.
1249 1013 1442 1073 Finem
1488 1016 1796 1091 cognitioni
1828 1014 2082 1091 quaestio
2113 1014 2275 1090 inpo-

215 1111 278 1161 10
296 1099 433 1164 suit;
485 1114 627 1174 quae
668 1096 976 1156 secundum
1014 1114 1147 1158 reos
1192 1097 1366 1157 dedit.
1431 1097 1636 1159 Postea
1675 1106 1852 1157 mater
1891 1096 2024 1156 adiit
2064 1097 2271 1173 princi·
2290 1105 2364 1158 10

293 1198 449 1259 pem:
493 1180 798 1240 adfirmavit
834 1199 898 1240 se
927 1197 1101 1240 novas
1130 1181 1495 1259 probationes
1528 1183 1840 1241 invenisse.
1901 1180 2274 1258 Praeceptum

293 1273 383 1324 est
424 1264 715 1323 Suburano
758 1273 816 1323 ut
861 1274 1089 1324 vacaret
1133 1266 1338 1326 finitam
1382 1283 1603 1325 causam
1645 1265 1996 1339 retractanti,
2048 1265 2097 1324 si
2138 1263 2272 1341 quid

211 1360 272 1411 11
290 1350 421 1406 novi
450 1348 714 1407 adferret.
756 1347 967 1407 Aderat
995 1351 1153 1407 matri
1183 1347 1358 1408 Iulius
1389 1349 1722 1425 AfricanuS,
1756 1366 1935 1426 nepos
1965 1347 2115 1407 illius
2147 1365 2270 1406 ora·

289 1434 428 1491 toris
471 1449 583 1509 quo
624 1431 811 1491 audito
853 1430 1153 1491 Passienus
1187 1430 1425 1510 Crispus
1455 1433 1593 1492 dixit
1622 1433 1827 1508 ‘bene,
1866 1450 1955 1491 me
1996 1427 2267 1506 Hercule,

289 1515 465 1574 bene:
511 1514 612 1575 sed
646 1533 758 1592 quo
802 1524 909 1573 tam
943 1512 1166 1575 bene?'
1208 1515 1386 1576 Huius
1425 1534 1641 1594 nepos,
1685 1517 1902 1575 iuvenis
1937 1518 2266 1593 ingeniosus
2285 1526 2355 1578 15

291 1598 392 1658 sed
415 1616 608 1676 parum
635 1598 901 1675 callidus,
934 1616 1058 1657 cum
1087 1598 1261 1659 multa
1291 1600 1527 1660 dixisset
1554 1599 2013 1676 adsignatumque
2042 1607 2265 1677 tempus

290 1682 603 1760 inplesset,
635 1687 826 1759 ‘rogo’
857 1683 1419 1763 inquit.³Suburane,
1464 1686 1751 1762 permittas
1781 1683 1912 1743 mihi
1943 1700 2109 1742 unum
2138 1700 2265 1742 ver·

210 1772 274 1825 12
293 1765 420 1824 bum
448 1766 716 1825 adicere?
762 1766 901 1825 Tum
930 1784 1065 1844 ego,
1101 1784 1226 1826 cum
1260 1784 1454 1827 omnes
1482 1786 1595 1844 me,
1625 1777 1684 1825 ut
1715 1768 1807 1826 diu
1839 1785 2264 1845 responsurum,

289 1852 670 1927 intuerentur,
723 1850 1195 1931 ‘respondissem'
1241 1853 1461 1930 inquam
1507 1853 1581 1912 ‘si
1635 1868 1802 1909 unum
1850 1850 1988 1910 illud
2030 1851 2267 1909 verbum

289 1933 587 1995 Africanus
631 1934 969 2011 adiecisset,
1011 1937 1065 1995 in
1110 1953 1223 2013 quo
1265 1954 1378 1995 non
1419 1936 1611 1996 dubito
1643 1937 1822 1995 omnia
1857 1954 2000 1995 nova
2039 1934 2357 1994 fuisse.'2o

210 2024 272 2078 13
287 2017 413 2077 Non
451 2018 620 2078 facile
664 2036 754 2078 me
807 2028 1012 2097 repeto
1049 2028 1257 2078 tantum
1303 2019 1599 2080 adsensum
1637 2019 1858 2096 agendo
1902 2028 2269 2078 consecutum

288 2112 549 2179 quantum
577 2111 708 2161 tunc
736 2119 847 2161 non
877 2101 1119 2177 agend0.
1177 2103 1446 2163 Similiter
1482 2122 1628 2163 nunc
1668 2114 1725 2163 et
1754 2104 2045 2182 probatum
2076 2112 2134 2162 et
2166 2120 2267 2160 ex·

208 2192 274 2244 14
291 2194 518 2261 ceptum
553 2194 642 2244 est
684 2184 835 2261 quod
874 2202 977 2262 pro
1018 2184 1240 2245 Vareno
1283 2186 1554 2247 hactenus
1586 2205 1697 2247 non
1729 2189 1897 2246 tacui.
1958 2184 2265 2261 ConsuleS,

287 2278 347 2326 ut
376 2268 692 2341 Polyaenus
722 2266 1071 2345 postulabat,
1114 2271 1315 2329 omnia.
1337 2272 1553 2348 integra
1582 2273 1821 2350 principi
1865 2277 2265 2335 servaverunt:

290 2352 445 2409 cuius
490 2351 868 2425 cognitionem
909 2369 1225 2429 suspensus
1270 2364 1565 2431 exspecto.
1628 2353 1767 2413 Nam
1807 2355 1930 2414 dies
1971 2350 2069 2413 ille
2096 2353 2264 2413 nobis
2281 2356 2356 2409 25

288 2450 392 2510 pro
437 2433 660 2493 Vareno
714 2443 806 2493 aut
851 2438 1208 2495 securitatem
1252 2426 1310 2496 et
1347 2440 1520 2497 otium
1560 2438 1712 2497 dabit
1751 2447 1845 2498 aut
1886 2439 2267 2499 intermissum

287 2515 536 2577 laborem
562 2527 828 2578 renovata
855 2517 1235 2579 sollicitudine
1268 2523 1534 2598 iniunget.
1593 2521 1754 2582 Vale.

1210 2653 1260 2712 V
1291 2653 1336 2713 1.

784 2749 836 2800 c,
874 2749 1119 2802 PLINIUS
1157 2654 1520 2803 SATIURNJNO
1556 2751 1672 2803 suo
1712 2751 1766 2807 S.
2280 2777 2354 2831 30

243 2859 270 2907 1
406 2848 481 2909 Et
507 2851 759 2928 proxime
795 2850 989 2911 Prisco
1013 2864 1208 2914 nostro
1248 2862 1306 2912 et
1338 2871 1561 2930 rursus,
1604 2855 1730 2931 quia
1756 2854 1832 2912 ita
1858 2854 2105 2928 iussisti,
2137 2870 2265 2928 gra·

286 2935 391 2991 tias
434 2935 560 3009 egi,
610 2934 982 2995 libentissime
1026 2936 1269 3014 quidem.
1341 2936 1448 2996 Est
1496 2939 1643 2996 enim
1678 2936 1811 2995 mihi
1854 2935 2262 3013 periucundum

288 3014 436 3092 quod
466 3018 571 3075 viri
604 3021 795 3094 optimi
838 3019 1084 3096 mihique
1122 3021 1442 3080 amicissimi
1471 3020 1612 3080 adeo
1645 3019 1982 3081 cohaesistis
2021 3028 2082 3078 ut
2119 3020 2260 3077 invi-

237 3107 270 3157 2
291 3114 415 3156 cem
438 3115 543 3159 vos
567 3100 804 3176 obligari
840 3104 1071 3178 putetis.
1118 3101 1260 3161 Nam
1291 3103 1390 3162 ille
1419 3120 1642 3181 quoque
1677 3105 2035 3182 praecipuam
2064 3121 2128 3162 se
2157 3120 2260 3161 vo-

285 3181 553 3258 luptatem
584 3200 657 3241 ex
684 3186 917 3244 amicitia
939 3195 1033 3245 tua
1063 3204 1272 3264 capere
1302 3188 1596 3265 profitetur
1625 3197 1915 3264 certatque
1946 3196 2131 3246 tecum
2160 3185 2350 3248 ho·35

283 3265 603 3323 nestissimo
648 3270 950 3326 certamine
995 3279 1215 3329 mutuae
1260 3271 1534 3344 caritatis,
1590 3288 1752 3348 quam
1802 3271 1986 3349 ipsum
2032 3278 2260 3347 tempus

284 3346 531 3423 augebit.
589 3346 668 3407 Te
699 3352 943 3425 negotiis
978 3351 1225 3411 distineri
1257 3353 1330 3410 ob
1365 3352 1476 3411 hoc
1507 3354 1749 3413 moleste
1779 3353 1938 3429 fero,
1976 3352 2125 3431 quod
2161 3352 2260 3411 de·

286 3430 499 3491 servire
533 3431 732 3492 studiis
758 3449 868 3489 nou
896 3442 1081 3510 potes.
1128 3435 1186 3491 Si
1210 3444 1393 3493 tamen
1421 3435 1652 3495 alteram
1682 3437 1836 3496 litem
1864 3455 1967 3515 per
1985 3436 2257 3512 iudicem,
