<?xml version="1.0" encoding="UTF-8"?>
<!DOCTYPE html PUBLIC "-//W3C//DTD XHTML 1.0 Transitional//EN"
    "http://www.w3.org/TR/xhtml1/DTD/xhtml1-transitional.dtd">
<html xmlns="http://www.w3.org/1999/xhtml" xml:lang="en" lang="en">
 <head>
  <title>
</title>
<meta http-equiv="Content-Type" content="text/html;charset=utf-8" />
  <meta name='ocr-system' content='tesseract 3.04.00' />
  <meta name='ocr-capabilities' content='ocr_page ocr_carea ocr_par ocr_line ocrx_word'/>
</head>
<body>
  <div class='ocr_page' id='page_1' title='image "./cplinicaecilise00unkngoog_0208.png"; bbox 0 0 2467 3850; ppageno 0'>
   <div class='ocr_carea' id='block_1_1' title="bbox 303 182 1432 251">
    <p class='ocr_par' dir='ltr' id='par_1_1' title="bbox 303 182 1432 251">
     <span class='ocr_line' id='line_1_1' title="bbox 303 182 1432 251; baseline -0.005 0"><span class='ocrx_word' id='word_1_1' title='bbox 303 184 424 251; x_wconf 82' lang='lat'>178</span> <span class='ocrx_word' id='word_1_2' title='bbox 1132 183 1200 245; x_wconf 84' lang='lat' dir='ltr'>G.</span> <span class='ocrx_word' id='word_1_3' title='bbox 1239 182 1432 246; x_wconf 87' lang='lat' dir='ltr'>PLINI</span> 
     </span>
    </p>
   </div>
   <div class='ocr_carea' id='block_1_2' title="bbox 245 335 2366 1591">
    <p class='ocr_par' dir='ltr' id='par_1_2' title="bbox 245 335 2366 1591">
     <span class='ocr_line' id='line_1_2' title="bbox 301 335 2286 418; baseline 0.001 -19"><span class='ocrx_word' id='word_1_4' title='bbox 301 339 411 399; x_wconf 82' lang='lat' dir='ltr'>fico</span> <span class='ocrx_word' id='word_1_5' title='bbox 446 337 592 399; x_wconf 89' lang='lat' dir='ltr'>enim</span> <span class='ocrx_word' id='word_1_6' title='bbox 622 335 726 397; x_wconf 88' lang='lat' dir='ltr'>iam</span> <span class='ocrx_word' id='word_1_7' title='bbox 748 337 986 412; x_wconf 82' lang='lat' dir='ltr'>ratione,</span> <span class='ocrx_word' id='word_1_8' title='bbox 1016 337 1142 415; x_wconf 83' lang='lat' dir='ltr'>quia</span> <span class='ocrx_word' id='word_1_9' title='bbox 1167 345 1375 397; x_wconf 89' lang='lat' dir='ltr'>tecum.</span> <span class='ocrx_word' id='word_1_10' title='bbox 1416 335 1556 397; x_wconf 89' lang='lat' dir='ltr'>Nam</span> <span class='ocrx_word' id='word_1_11' title='bbox 1582 336 1694 398; x_wconf 86' lang='lat' dir='ltr'>hoc</span> <span class='ocrx_word' id='word_1_12' title='bbox 1723 354 1950 418; x_wconf 83' lang='lat' dir='ltr'>quoque</span> <span class='ocrx_word' id='word_1_13' title='bbox 1972 354 2084 398; x_wconf 88' lang='lat' dir='ltr'>non</span> <span class='ocrx_word' id='word_1_14' title='bbox 2120 336 2286 401; x_wconf 89' lang='lat' dir='ltr'>dissi-</span> 
     </span>
     <span class='ocr_line' id='line_1_3' title="bbox 246 419 2285 501; baseline -0.001 -16"><span class='ocrx_word' id='word_1_15' title='bbox 246 422 463 498; x_wconf 80' lang='lat' dir='ltr'>2mile,</span> <span class='ocrx_word' id='word_1_16' title='bbox 498 419 648 501; x_wconf 90' lang='lat' dir='ltr'>quod</span> <span class='ocrx_word' id='word_1_17' title='bbox 675 419 744 480; x_wconf 93' lang='lat' dir='ltr'>ad</span> <span class='ocrx_word' id='word_1_18' title='bbox 772 438 925 480; x_wconf 88' lang='lat' dir='ltr'>mare</span> <span class='ocrx_word' id='word_1_19' title='bbox 955 429 1046 497; x_wconf 90' lang='lat' dir='ltr'>tu,</span> <span class='ocrx_word' id='word_1_20' title='bbox 1079 437 1191 497; x_wconf 80' lang='lat' dir='ltr'>ego</span> <span class='ocrx_word' id='word_1_21' title='bbox 1226 420 1295 481; x_wconf 88' lang='lat' dir='ltr'>ad</span> <span class='ocrx_word' id='word_1_22' title='bbox 1332 421 1548 481; x_wconf 87' lang='lat' dir='ltr'>Larium</span> <span class='ocrx_word' id='word_1_23' title='bbox 1577 420 1775 481; x_wconf 86' lang='lat' dir='ltr'>laeum.</span> <span class='ocrx_word' id='word_1_24' title='bbox 1823 420 1997 481; x_wconf 86' lang='lat' dir='ltr'>Huius</span> <span class='ocrx_word' id='word_1_25' title='bbox 2027 423 2083 480; x_wconf 91' lang='lat' dir='ltr'>in</span> <span class='ocrx_word' id='word_1_26' title='bbox 2115 421 2285 484; x_wconf 89' lang='lat' dir='ltr'>litore</span> 
     </span>
     <span class='ocr_line' id='line_1_4' title="bbox 297 502 2283 587; baseline 0 -21"><span class='ocrx_word' id='word_1_27' title='bbox 297 506 491 587; x_wconf 85' lang='lat' dir='ltr'>plures</span> <span class='ocrx_word' id='word_1_28' title='bbox 521 505 688 565; x_wconf 85' lang='lat' dir='ltr'>villae</span> <span class='ocrx_word' id='word_1_29' title='bbox 716 522 894 580; x_wconf 90' lang='lat' dir='ltr'>meae,</span> <span class='ocrx_word' id='word_1_30' title='bbox 926 504 1032 565; x_wconf 89' lang='lat' dir='ltr'>sed</span> <span class='ocrx_word' id='word_1_31' title='bbox 1063 502 1203 564; x_wconf 90' lang='lat' dir='ltr'>duae</span> <span class='ocrx_word' id='word_1_32' title='bbox 1235 506 1470 565; x_wconf 83' lang='lat' dir='ltr'><strong>maxime</strong></span> <span class='ocrx_word' id='word_1_33' title='bbox 1500 514 1559 564; x_wconf 93' lang='lat' dir='ltr'>ut</span> <span class='ocrx_word' id='word_1_34' title='bbox 1584 504 1865 566; x_wconf 88' lang='lat' dir='ltr'>delectant</span> <span class='ocrx_word' id='word_1_35' title='bbox 1892 506 1966 565; x_wconf 87' lang='lat' dir='ltr'>ita</span> <span class='ocrx_word' id='word_1_36' title='bbox 1990 516 2283 566; x_wconf 78' lang='lat' dir='ltr'>exercent.</span> 
     </span>
     <span class='ocr_line' id='line_1_5' title="bbox 296 586 2284 667; baseline 0.001 -18"><span class='ocrx_word' id='word_1_37' title='bbox 296 589 492 650; x_wconf 81' lang='lat' dir='ltr'>Altera</span> <span class='ocrx_word' id='word_1_38' title='bbox 519 589 761 667; x_wconf 88' lang='lat' dir='ltr'>inposita</span> <span class='ocrx_word' id='word_1_39' title='bbox 782 590 929 649; x_wconf 84' lang='lat' dir='ltr'>saxis</span> <span class='ocrx_word' id='word_1_40' title='bbox 953 605 1109 647; x_wconf 88' lang='lat' dir='ltr'>more</span> <span class='ocrx_word' id='word_1_41' title='bbox 1131 586 1338 648; x_wconf 88' lang='lat' dir='ltr'>Baiano</span> <span class='ocrx_word' id='word_1_42' title='bbox 1360 588 1543 648; x_wconf 92' lang='lat' dir='ltr'>lacum</span> <span class='ocrx_word' id='word_1_43' title='bbox 1567 590 1864 667; x_wconf 82' lang='lat' dir='ltr'>prospicit,</span> <span class='ocrx_word' id='word_1_44' title='bbox 1896 588 2071 649; x_wconf 90' lang='lat' dir='ltr'>altera</span> <span class='ocrx_word' id='word_1_45' title='bbox 2100 607 2284 667; x_wconf 87' lang='lat' dir='ltr'>aeque</span> 
     </span>
     <span class='ocr_line' id='line_1_6' title="bbox 245 671 2338 752; baseline -0 -16"><span class='ocrx_word' id='word_1_46' title='bbox 245 683 454 737; x_wconf 81' lang='lat' dir='ltr'>3more</span> <span class='ocrx_word' id='word_1_47' title='bbox 487 672 694 732; x_wconf 90' lang='lat' dir='ltr'>Baiano</span> <span class='ocrx_word' id='word_1_48' title='bbox 721 671 902 731; x_wconf 88' lang='lat' dir='ltr'>lacum</span> <span class='ocrx_word' id='word_1_49' title='bbox 932 673 1124 749; x_wconf 86' lang='lat' dir='ltr'>tangit.</span> <span class='ocrx_word' id='word_1_50' title='bbox 1190 671 1389 750; x_wconf 83' lang='lat' dir='ltr'>Itaque</span> <span class='ocrx_word' id='word_1_51' title='bbox 1419 671 1568 732; x_wconf 85' lang='lat' dir='ltr'>illam</span> <span class='ocrx_word' id='word_1_52' title='bbox 1603 671 1979 750; x_wconf 88' lang='lat' dir='ltr'>tragoediam,</span> <span class='ocrx_word' id='word_1_53' title='bbox 2013 673 2156 733; x_wconf 85' lang='lat' dir='ltr'>hanc</span> <span class='ocrx_word' id='word_1_54' title='bbox 2186 691 2285 752; x_wconf 87' lang='lat' dir='ltr'>ap·</span> <span class='ocrx_word' id='word_1_55' title='bbox 2303 683 2338 735; x_wconf 82' lang='lat'>5</span> 
     </span>
     <span class='ocr_line' id='line_1_7' title="bbox 296 755 2282 838; baseline 0 -21"><span class='ocrx_word' id='word_1_56' title='bbox 296 755 515 838; x_wconf 85' lang='lat' dir='ltr'>pellare</span> <span class='ocrx_word' id='word_1_57' title='bbox 552 755 900 816; x_wconf 83' lang='lat' dir='ltr'>comoediam</span> <span class='ocrx_word' id='word_1_58' title='bbox 941 755 1135 824; x_wconf 89' lang='lat' dir='ltr'>soleo;</span> <span class='ocrx_word' id='word_1_59' title='bbox 1182 755 1368 832; x_wconf 84' lang='lat' dir='ltr'>illam,</span> <span class='ocrx_word' id='word_1_60' title='bbox 1402 757 1553 834; x_wconf 82' lang='lat' dir='ltr'>quod</span> <span class='ocrx_word' id='word_1_61' title='bbox 1582 758 1738 834; x_wconf 86' lang='lat' dir='ltr'>quasi</span> <span class='ocrx_word' id='word_1_62' title='bbox 1767 756 2085 834; x_wconf 85' lang='lat' dir='ltr'>cothurnis,</span> <span class='ocrx_word' id='word_1_63' title='bbox 2115 757 2282 835; x_wconf 87' lang='lat' dir='ltr'>hanc,</span> 
     </span>
     <span class='ocr_line' id='line_1_8' title="bbox 299 838 2284 921; baseline 0 -20"><span class='ocrx_word' id='word_1_64' title='bbox 299 841 450 921; x_wconf 92' lang='lat' dir='ltr'>quod</span> <span class='ocrx_word' id='word_1_65' title='bbox 473 842 629 918; x_wconf 88' lang='lat' dir='ltr'>quasi</span> <span class='ocrx_word' id='word_1_66' title='bbox 661 838 908 901; x_wconf 88' lang='lat' dir='ltr'>socculis</span> <span class='ocrx_word' id='word_1_67' title='bbox 938 841 1262 899; x_wconf 85' lang='lat' dir='ltr'>sustinetur.</span> <span class='ocrx_word' id='word_1_68' title='bbox 1325 841 1439 899; x_wconf 90' lang='lat' dir='ltr'>Sua</span> <span class='ocrx_word' id='word_1_69' title='bbox 1461 842 1681 918; x_wconf 82' lang='lat' dir='ltr'>utrique</span> <span class='ocrx_word' id='word_1_70' title='bbox 1713 843 2017 900; x_wconf 81' lang='lat' dir='ltr'>amoenitas</span> <span class='ocrx_word' id='word_1_71' title='bbox 2046 850 2104 901; x_wconf 89' lang='lat' dir='ltr'>et</span> <span class='ocrx_word' id='word_1_72' title='bbox 2133 850 2284 901; x_wconf 89' lang='lat' dir='ltr'>utra-</span> 
     </span>
     <span class='ocr_line' id='line_1_9' title="bbox 248 922 2282 1005; baseline -0.001 -18"><span class='ocrx_word' id='word_1_73' title='bbox 248 933 412 1004; x_wconf 79' lang='lat' dir='ltr'>4que</span> <span class='ocrx_word' id='word_1_74' title='bbox 442 923 754 1005; x_wconf 86' lang='lat' dir='ltr'>possidenti</span> <span class='ocrx_word' id='word_1_75' title='bbox 789 925 912 1003; x_wconf 89' lang='lat' dir='ltr'>ipsa</span> <span class='ocrx_word' id='word_1_76' title='bbox 955 923 1278 984; x_wconf 87' lang='lat' dir='ltr'>diversitate</span> <span class='ocrx_word' id='word_1_77' title='bbox 1319 922 1628 984; x_wconf 90' lang='lat' dir='ltr'>iucundior.</span> <span class='ocrx_word' id='word_1_78' title='bbox 1672 922 1827 983; x_wconf 85' lang='lat' dir='ltr'>Haec</span> <span class='ocrx_word' id='word_1_79' title='bbox 1867 923 1993 984; x_wconf 89' lang='lat' dir='ltr'>lacu</span> <span class='ocrx_word' id='word_1_80' title='bbox 2023 927 2282 1003; x_wconf 79' lang='lat' dir='ltr'>propiuS,</span> 
     </span>
     <span class='ocr_line' id='line_1_10' title="bbox 299 1007 2282 1088; baseline -0.001 -19"><span class='ocrx_word' id='word_1_81' title='bbox 299 1008 395 1069; x_wconf 90' lang='lat' dir='ltr'>illa</span> <span class='ocrx_word' id='word_1_82' title='bbox 434 1008 597 1068; x_wconf 87' lang='lat' dir='ltr'>latius</span> <span class='ocrx_word' id='word_1_83' title='bbox 627 1009 823 1068; x_wconf 86' lang='lat' dir='ltr'>utitur:</span> <span class='ocrx_word' id='word_1_84' title='bbox 865 1007 1009 1067; x_wconf 90' lang='lat' dir='ltr'>haec</span> <span class='ocrx_word' id='word_1_85' title='bbox 1040 1026 1207 1068; x_wconf 89' lang='lat' dir='ltr'>uuum</span> <span class='ocrx_word' id='word_1_86' title='bbox 1239 1010 1417 1067; x_wconf 90' lang='lat' dir='ltr'>sinum</span> <span class='ocrx_word' id='word_1_87' title='bbox 1454 1007 1610 1068; x_wconf 91' lang='lat' dir='ltr'>molli</span> <span class='ocrx_word' id='word_1_88' title='bbox 1641 1009 1957 1068; x_wconf 87' lang='lat' dir='ltr'>curvamine</span> <span class='ocrx_word' id='word_1_89' title='bbox 1988 1008 2282 1088; x_wconf 87' lang='lat' dir='ltr'>amplecti-</span> 
     </span>
     <span class='ocr_line' id='line_1_11' title="bbox 299 1091 2366 1170; baseline -0.003 -15"><span class='ocrx_word' id='word_1_90' title='bbox 299 1103 409 1170; x_wconf 86' lang='lat' dir='ltr'>tur,</span> <span class='ocrx_word' id='word_1_91' title='bbox 434 1092 528 1152; x_wconf 91' lang='lat' dir='ltr'>illa</span> <span class='ocrx_word' id='word_1_92' title='bbox 552 1092 858 1153; x_wconf 87' lang='lat' dir='ltr'>editissimo</span> <span class='ocrx_word' id='word_1_93' title='bbox 881 1091 1050 1151; x_wconf 88' lang='lat' dir='ltr'>dorso</span> <span class='ocrx_word' id='word_1_94' title='bbox 1076 1091 1216 1152; x_wconf 90' lang='lat' dir='ltr'>duos</span> <span class='ocrx_word' id='word_1_95' title='bbox 1244 1091 1473 1153; x_wconf 83' lang='lat' dir='ltr'>dirimit:</span> <span class='ocrx_word' id='word_1_96' title='bbox 1518 1092 1635 1151; x_wconf 86' lang='lat' dir='ltr'>illic</span> <span class='ocrx_word' id='word_1_97' title='bbox 1659 1100 1813 1150; x_wconf 89' lang='lat' dir='ltr'>recta</span> <span class='ocrx_word' id='word_1_98' title='bbox 1836 1093 2077 1169; x_wconf 85' lang='lat' dir='ltr'>gestatio</span> <span class='ocrx_word' id='word_1_99' title='bbox 2102 1091 2278 1169; x_wconf 87' lang='lat' dir='ltr'>longo</span> <span class='ocrx_word' id='word_1_100' title='bbox 2300 1099 2366 1149; x_wconf 84' lang='lat' dir='ltr'>lo</span> 
     </span>
     <span class='ocr_line' id='line_1_12' title="bbox 299 1175 2283 1255; baseline -0.001 -19"><span class='ocrx_word' id='word_1_101' title='bbox 299 1177 470 1237; x_wconf 85' lang='lat' dir='ltr'>limite</span> <span class='ocrx_word' id='word_1_102' title='bbox 512 1194 685 1255; x_wconf 88' lang='lat' dir='ltr'>super</span> <span class='ocrx_word' id='word_1_103' title='bbox 719 1175 850 1235; x_wconf 88' lang='lat' dir='ltr'>litus</span> <span class='ocrx_word' id='word_1_104' title='bbox 891 1175 1237 1252; x_wconf 83' lang='lat' dir='ltr'>extenditur,</span> <span class='ocrx_word' id='word_1_105' title='bbox 1290 1175 1382 1236; x_wconf 85' lang='lat' dir='ltr'>hic</span> <span class='ocrx_word' id='word_1_106' title='bbox 1423 1177 1829 1255; x_wconf 88' lang='lat' dir='ltr'>spatiosissimo</span> <span class='ocrx_word' id='word_1_107' title='bbox 1865 1184 2034 1250; x_wconf 73' lang='lat' dir='ltr'>xysto</span> <span class='ocrx_word' id='word_1_108' title='bbox 2077 1176 2283 1235; x_wconf 89' lang='lat' dir='ltr'>leviter</span> 
     </span>
     <span class='ocr_line' id='line_1_13' title="bbox 297 1258 2280 1340; baseline -0.001 -19"><span class='ocrx_word' id='word_1_109' title='bbox 297 1260 629 1321; x_wconf 85' lang='lat' dir='ltr'>inflectitur:</span> <span class='ocrx_word' id='word_1_110' title='bbox 671 1258 766 1319; x_wconf 89' lang='lat' dir='ltr'>illa</span> <span class='ocrx_word' id='word_1_111' title='bbox 793 1259 995 1320; x_wconf 84' lang='lat' dir='ltr'>fluctus</span> <span class='ocrx_word' id='word_1_112' title='bbox 1023 1275 1136 1319; x_wconf 88' lang='lat' dir='ltr'>non</span> <span class='ocrx_word' id='word_1_113' title='bbox 1164 1261 1367 1337; x_wconf 86' lang='lat' dir='ltr'>sentit,</span> <span class='ocrx_word' id='word_1_114' title='bbox 1409 1259 1552 1320; x_wconf 87' lang='lat' dir='ltr'>haec</span> <span class='ocrx_word' id='word_1_115' title='bbox 1583 1259 1814 1336; x_wconf 84' lang='lat' dir='ltr'>frangit:</span> <span class='ocrx_word' id='word_1_116' title='bbox 1865 1279 1939 1319; x_wconf 85' lang='lat' dir='ltr'>ex</span> <span class='ocrx_word' id='word_1_117' title='bbox 1964 1258 2057 1320; x_wconf 89' lang='lat' dir='ltr'>illa</span> <span class='ocrx_word' id='word_1_118' title='bbox 2085 1262 2280 1340; x_wconf 87' lang='lat' dir='ltr'>possis</span> 
     </span>
     <span class='ocr_line' id='line_1_14' title="bbox 299 1342 2282 1423; baseline -0.002 -15"><span class='ocrx_word' id='word_1_119' title='bbox 299 1346 583 1423; x_wconf 85' lang='lat' dir='ltr'>dispicere</span> <span class='ocrx_word' id='word_1_120' title='bbox 614 1345 919 1423; x_wconf 73' lang='lat' dir='ltr'>piscanteS,</span> <span class='ocrx_word' id='word_1_121' title='bbox 954 1361 1026 1403; x_wconf 83' lang='lat' dir='ltr'>ex</span> <span class='ocrx_word' id='word_1_122' title='bbox 1048 1342 1154 1404; x_wconf 90' lang='lat' dir='ltr'>hac</span> <span class='ocrx_word' id='word_1_123' title='bbox 1184 1345 1309 1422; x_wconf 90' lang='lat' dir='ltr'>ipse</span> <span class='ocrx_word' id='word_1_124' title='bbox 1337 1345 1542 1423; x_wconf 87' lang='lat' dir='ltr'>piscari</span> <span class='ocrx_word' id='word_1_125' title='bbox 1565 1343 1893 1420; x_wconf 83' lang='lat' dir='ltr'>hamumque</span> <span class='ocrx_word' id='word_1_126' title='bbox 1919 1343 1989 1402; x_wconf 92' lang='lat' dir='ltr'>de</span> <span class='ocrx_word' id='word_1_127' title='bbox 2014 1343 2282 1404; x_wconf 87' lang='lat' dir='ltr'>cubiculo</span> 
     </span>
     <span class='ocr_line' id='line_1_15' title="bbox 298 1425 2281 1507; baseline -0.002 -17"><span class='ocrx_word' id='word_1_128' title='bbox 298 1447 367 1490; x_wconf 91' lang='lat' dir='ltr'>ac</span> <span class='ocrx_word' id='word_1_129' title='bbox 395 1446 577 1507; x_wconf 89' lang='lat' dir='ltr'>paene</span> <span class='ocrx_word' id='word_1_130' title='bbox 605 1429 770 1487; x_wconf 88' lang='lat' dir='ltr'>etiam</span> <span class='ocrx_word' id='word_1_131' title='bbox 791 1425 862 1487; x_wconf 90' lang='lat' dir='ltr'>de</span> <span class='ocrx_word' id='word_1_132' title='bbox 887 1426 1098 1487; x_wconf 89' lang='lat' dir='ltr'>lectulo</span> <span class='ocrx_word' id='word_1_133' title='bbox 1125 1436 1184 1486; x_wconf 88' lang='lat' dir='ltr'>ut</span> <span class='ocrx_word' id='word_1_134' title='bbox 1212 1446 1246 1487; x_wconf 91' lang='lat' dir='ltr'>e</span> <span class='ocrx_word' id='word_1_135' title='bbox 1275 1426 1511 1487; x_wconf 83' lang='lat' dir='ltr'>naucula</span> <span class='ocrx_word' id='word_1_136' title='bbox 1530 1429 1736 1486; x_wconf 88' lang='lat' dir='ltr'>iacere.</span> <span class='ocrx_word' id='word_1_137' title='bbox 1780 1425 1897 1486; x_wconf 85' lang='lat' dir='ltr'>Hae</span> <span class='ocrx_word' id='word_1_138' title='bbox 1921 1427 2051 1487; x_wconf 90' lang='lat' dir='ltr'>mihi</span> <span class='ocrx_word' id='word_1_139' title='bbox 2074 1445 2281 1488; x_wconf 88' lang='lat' dir='ltr'>causae</span> 
     </span>
     <span class='ocr_line' id='line_1_16' title="bbox 247 1510 2364 1591; baseline -0.001 -17"><span class='ocrx_word' id='word_1_140' title='bbox 247 1515 519 1590; x_wconf 73' lang='lat' dir='ltr'>sutrique</span> <span class='ocrx_word' id='word_1_141' title='bbox 563 1529 705 1591; x_wconf 88' lang='lat' dir='ltr'>quae</span> <span class='ocrx_word' id='word_1_142' title='bbox 750 1510 949 1570; x_wconf 85' lang='lat' dir='ltr'>desunt</span> <span class='ocrx_word' id='word_1_143' title='bbox 991 1510 1312 1571; x_wconf 86' lang='lat' dir='ltr'>adstruendi</span> <span class='ocrx_word' id='word_1_144' title='bbox 1354 1512 1428 1571; x_wconf 89' lang='lat' dir='ltr'>ob</span> <span class='ocrx_word' id='word_1_145' title='bbox 1471 1529 1536 1570; x_wconf 92' lang='lat' dir='ltr'>ea</span> <span class='ocrx_word' id='word_1_146' title='bbox 1580 1528 1724 1588; x_wconf 90' lang='lat' dir='ltr'>quae</span> <span class='ocrx_word' id='word_1_147' title='bbox 1766 1521 2081 1589; x_wconf 85' lang='lat' dir='ltr'>supersunt.</span> <span class='ocrx_word' id='word_1_148' title='bbox 2161 1511 2278 1571; x_wconf 89' lang='lat' dir='ltr'>Sed</span> <span class='ocrx_word' id='word_1_149' title='bbox 2298 1522 2364 1573; x_wconf 85' lang='lat'>15</span> 
     </span>
    </p>
   </div>
   <div class='ocr_carea' id='block_1_3' title="bbox 300 1590 2467 1994">
    <p class='ocr_par' dir='ltr' id='par_1_3' title="bbox 300 1590 2467 1994">
     <span class='ocr_line' id='line_1_17' title="bbox 301 1590 2467 1675; baseline -0.001 -19"><span class='ocrx_word' id='word_1_150' title='bbox 301 1596 435 1675; x_wconf 88' lang='lat' dir='ltr'>quid</span> <span class='ocrx_word' id='word_1_151' title='bbox 465 1612 575 1673; x_wconf 83' lang='lat' dir='ltr'>ego</span> <span class='ocrx_word' id='word_1_152' title='bbox 606 1596 877 1655; x_wconf 90' lang='lat' dir='ltr'>rationem</span> <span class='ocrx_word' id='word_1_153' title='bbox 915 1590 1056 1656; x_wconf 78' lang='lat' dir='ltr'>tihi?</span> <span class='ocrx_word' id='word_1_154' title='bbox 1101 1595 1251 1675; x_wconf 86' lang='lat' dir='ltr'>apud</span> <span class='ocrx_word' id='word_1_155' title='bbox 1284 1613 1450 1674; x_wconf 90' lang='lat' dir='ltr'>quem</span> <span class='ocrx_word' id='word_1_156' title='bbox 1494 1612 1598 1674; x_wconf 83' lang='lat' dir='ltr'>pro</span> <span class='ocrx_word' id='word_1_157' title='bbox 1633 1594 1847 1653; x_wconf 89' lang='lat' dir='ltr'>ratione</span> <span class='ocrx_word' id='word_1_158' title='bbox 1885 1597 1991 1655; x_wconf 88' lang='lat' dir='ltr'>erit</span> <span class='ocrx_word' id='word_1_159' title='bbox 2020 1597 2166 1656; x_wconf 87' lang='lat' dir='ltr'>idem</span> <span class='ocrx_word' id='word_1_160' title='bbox 2198 1595 2279 1654; x_wconf 84' lang='lat' dir='ltr'>fa·</span> <span class='ocrx_word' id='word_1_161' title='bbox 2453 1629 2467 1663; x_wconf 57' lang='grc' dir='ltr'><em>ς</em></span> 
     </span>
     <span class='ocr_line' id='line_1_18' title="bbox 300 1678 670 1742; baseline -0.003 -3"><span class='ocrx_word' id='word_1_162' title='bbox 300 1696 450 1742; x_wconf 90' lang='lat' dir='ltr'>cere.</span> <span class='ocrx_word' id='word_1_163' title='bbox 510 1678 670 1741; x_wconf 89' lang='lat' dir='ltr'>Vale.</span> 
     </span>
     <span class='ocr_line' id='line_1_19' title="bbox 1207 1810 1360 1872; baseline 0.007 -1"><span class='ocrx_word' id='word_1_164' title='bbox 1207 1810 1360 1872; x_wconf 90' lang='lat' dir='ltr'>VIII.</span> 
     </span>
     <span class='ocr_line' id='line_1_20' title="bbox 794 1911 2365 1994; baseline 0.003 -30"><span class='ocrx_word' id='word_1_165' title='bbox 794 1911 849 1967; x_wconf 84' lang='lat' dir='ltr'>C.</span> <span class='ocrx_word' id='word_1_166' title='bbox 890 1912 1138 1964; x_wconf 90' lang='lat' dir='ltr'>PLINIUS</span> <span class='ocrx_word' id='word_1_167' title='bbox 1175 1912 1503 1965; x_wconf 87' lang='lat' dir='ltr'>AUGURINO</span> <span class='ocrx_word' id='word_1_168' title='bbox 1543 1912 1661 1964; x_wconf 88' lang='lat' dir='ltr'>SUO</span> <span class='ocrx_word' id='word_1_169' title='bbox 1698 1911 1749 1969; x_wconf 87' lang='lat' dir='ltr'>S.</span> <span class='ocrx_word' id='word_1_170' title='bbox 2295 1942 2365 1994; x_wconf 77' lang='lat'>20</span> 
     </span>
    </p>
   </div>
   <div class='ocr_carea' id='block_1_4' title="bbox 248 2014 2467 2511">
    <p class='ocr_par' dir='ltr' id='par_1_4' title="bbox 248 2014 2467 2511">
     <span class='ocr_line' id='line_1_21' title="bbox 248 2014 2278 2094; baseline -0.002 -15"><span class='ocrx_word' id='word_1_171' title='bbox 248 2028 277 2079; x_wconf 94' lang='lat'>1</span> <span class='ocrx_word' id='word_1_172' title='bbox 418 2017 479 2078; x_wconf 90' lang='lat' dir='ltr'>Si</span> <span class='ocrx_word' id='word_1_173' title='bbox 505 2015 757 2076; x_wconf 84' lang='lat' dir='ltr'>laudatus</span> <span class='ocrx_word' id='word_1_174' title='bbox 779 2033 812 2075; x_wconf 92' lang='lat' dir='ltr'>a</span> <span class='ocrx_word' id='word_1_175' title='bbox 834 2025 893 2076; x_wconf 91' lang='lat' dir='ltr'>te</span> <span class='ocrx_word' id='word_1_176' title='bbox 922 2014 1147 2075; x_wconf 86' lang='lat' dir='ltr'>laudare</span> <span class='ocrx_word' id='word_1_177' title='bbox 1169 2025 1227 2076; x_wconf 85' lang='lat' dir='ltr'>te</span> <span class='ocrx_word' id='word_1_178' title='bbox 1255 2033 1529 2094; x_wconf 90' lang='lat' dir='ltr'>coepero,</span> <span class='ocrx_word' id='word_1_179' title='bbox 1556 2033 1761 2077; x_wconf 85' lang='lat' dir='ltr'>vereor</span> <span class='ocrx_word' id='word_1_180' title='bbox 1787 2034 1859 2075; x_wconf 90' lang='lat' dir='ltr'>ne</span> <span class='ocrx_word' id='word_1_181' title='bbox 1881 2032 1991 2074; x_wconf 88' lang='lat' dir='ltr'>non</span> <span class='ocrx_word' id='word_1_182' title='bbox 2016 2024 2125 2075; x_wconf 89' lang='lat' dir='ltr'>tam</span> <span class='ocrx_word' id='word_1_183' title='bbox 2147 2031 2278 2092; x_wconf 86' lang='lat' dir='ltr'>pro·</span> 
     </span>
     <span class='ocr_line' id='line_1_22' title="bbox 298 2096 2467 2178; baseline -0.002 -17"><span class='ocrx_word' id='word_1_184' title='bbox 298 2100 451 2161; x_wconf 81' lang='lat' dir='ltr'>ferre</span> <span class='ocrx_word' id='word_1_185' title='bbox 486 2101 745 2159; x_wconf 87' lang='lat' dir='ltr'>iudicium</span> <span class='ocrx_word' id='word_1_186' title='bbox 776 2117 958 2157; x_wconf 89' lang='lat' dir='ltr'>meum</span> <span class='ocrx_word' id='word_1_187' title='bbox 993 2117 1156 2178; x_wconf 83' lang='lat' dir='ltr'>quam</span> <span class='ocrx_word' id='word_1_188' title='bbox 1187 2100 1405 2160; x_wconf 82' lang='lat' dir='ltr'>referre</span> <span class='ocrx_word' id='word_1_189' title='bbox 1446 2103 1676 2177; x_wconf 78' lang='lat' dir='ltr'>gratiam</span> <span class='ocrx_word' id='word_1_190' title='bbox 1721 2099 1932 2160; x_wconf 87' lang='lat' dir='ltr'>videar.</span> <span class='ocrx_word' id='word_1_191' title='bbox 1997 2099 2112 2159; x_wconf 90' lang='lat' dir='ltr'>Sed</span> <span class='ocrx_word' id='word_1_192' title='bbox 2143 2096 2282 2157; x_wconf 89' lang='lat' dir='ltr'>licet</span> <span class='ocrx_word' id='word_1_193' title='bbox 2435 2145 2467 2171; x_wconf 41' lang='grc' dir='ltr'>Α,</span> 
     </span>
     <span class='ocr_line' id='line_1_23' title="bbox 298 2182 2279 2261; baseline 0 -20"><span class='ocrx_word' id='word_1_194' title='bbox 298 2184 510 2259; x_wconf 85' lang='lat' dir='ltr'>videar,</span> <span class='ocrx_word' id='word_1_195' title='bbox 539 2185 719 2243; x_wconf 88' lang='lat' dir='ltr'>omnia</span> <span class='ocrx_word' id='word_1_196' title='bbox 748 2184 959 2258; x_wconf 87' lang='lat' dir='ltr'>scripta</span> <span class='ocrx_word' id='word_1_197' title='bbox 989 2191 1082 2242; x_wconf 90' lang='lat' dir='ltr'>tua</span> <span class='ocrx_word' id='word_1_198' title='bbox 1110 2182 1487 2261; x_wconf 86' lang='lat' dir='ltr'>pulcherrima</span> <span class='ocrx_word' id='word_1_199' title='bbox 1519 2186 1797 2260; x_wconf 87' lang='lat' dir='ltr'>existimo,</span> <span class='ocrx_word' id='word_1_200' title='bbox 1828 2185 2064 2243; x_wconf 83' lang='lat' dir='ltr'>maxime</span> <span class='ocrx_word' id='word_1_201' title='bbox 2095 2190 2279 2242; x_wconf 87' lang='lat' dir='ltr'>tamen</span> 
     </span>
     <span class='ocr_line' id='line_1_24' title="bbox 299 2265 2275 2347; baseline -0.001 -22"><span class='ocrx_word' id='word_1_202' title='bbox 299 2266 395 2326; x_wconf 86' lang='lat' dir='ltr'>illa</span> <span class='ocrx_word' id='word_1_203' title='bbox 419 2265 490 2325; x_wconf 89' lang='lat' dir='ltr'>de</span> <span class='ocrx_word' id='word_1_204' title='bbox 514 2265 698 2325; x_wconf 88' lang='lat' dir='ltr'>nobis.</span> <span class='ocrx_word' id='word_1_205' title='bbox 742 2265 965 2325; x_wconf 86' lang='lat' dir='ltr'>Accidit</span> <span class='ocrx_word' id='word_1_206' title='bbox 993 2265 1103 2325; x_wconf 85' lang='lat' dir='ltr'>hoc</span> <span class='ocrx_word' id='word_1_207' title='bbox 1131 2284 1239 2325; x_wconf 89' lang='lat' dir='ltr'>una</span> <span class='ocrx_word' id='word_1_208' title='bbox 1270 2268 1578 2347; x_wconf 89' lang='lat' dir='ltr'>eademque</span> <span class='ocrx_word' id='word_1_209' title='bbox 1606 2268 1676 2328; x_wconf 90' lang='lat' dir='ltr'>de</span> <span class='ocrx_word' id='word_1_210' title='bbox 1710 2286 1892 2328; x_wconf 87' lang='lat' dir='ltr'>causa.</span> <span class='ocrx_word' id='word_1_211' title='bbox 1933 2266 2071 2326; x_wconf 87' lang='lat' dir='ltr'>Nam</span> <span class='ocrx_word' id='word_1_212' title='bbox 2108 2274 2165 2326; x_wconf 89' lang='lat' dir='ltr'>et</span> <span class='ocrx_word' id='word_1_213' title='bbox 2194 2276 2275 2343; x_wconf 83' lang='lat' dir='ltr'>tu,</span> 
     </span>
     <span class='ocr_line' id='line_1_25' title="bbox 302 2349 2360 2492; baseline -0.001 -85"><span class='ocrx_word' id='word_1_214' title='bbox 302 2366 447 2427; x_wconf 83' lang='lat' dir='ltr'>quae</span> <span class='ocrx_word' id='word_1_215' title='bbox 475 2349 545 2409; x_wconf 89' lang='lat' dir='ltr'>de</span> <span class='ocrx_word' id='word_1_216' title='bbox 563 2349 790 2492; x_wconf 48' lang='lat' dir='ltr'>²:ilmiciffi</span> <span class='ocrx_word' id='word_1_217' title='bbox 822 2350 1032 2428; x_wconf 89' lang='lat' dir='ltr'>optime</span> <span class='ocrx_word' id='word_1_218' title='bbox 1061 2350 1265 2411; x_wconf 85' lang='lat' dir='ltr'>scribis</span> <span class='ocrx_word' id='word_1_219' title='bbox 1287 2360 1346 2412; x_wconf 93' lang='lat' dir='ltr'>et</span> <span class='ocrx_word' id='word_1_220' title='bbox 1374 2369 1486 2429; x_wconf 83' lang='lat' dir='ltr'>ego</span> <span class='ocrx_word' id='word_1_221' title='bbox 1503 2396 1522 2430; x_wconf 84' lang='lat'>‚</span> <span class='ocrx_word' id='word_1_222' title='bbox 1556 2370 1698 2431; x_wconf 90' lang='lat' dir='ltr'>quae</span> <span class='ocrx_word' id='word_1_223' title='bbox 1728 2351 1799 2412; x_wconf 92' lang='lat' dir='ltr'>de</span> <span class='ocrx_word' id='word_1_224' title='bbox 1828 2370 1952 2428; x_wconf 89' lang='lat' dir='ltr'>me,</span> <span class='ocrx_word' id='word_1_225' title='bbox 1982 2359 2042 2410; x_wconf 90' lang='lat' dir='ltr'>ut</span> <span class='ocrx_word' id='word_1_226' title='bbox 2069 2351 2277 2429; x_wconf 88' lang='lat' dir='ltr'>optima</span> <span class='ocrx_word' id='word_1_227' title='bbox 2295 2354 2360 2405; x_wconf 80' lang='lat'>25</span> 
     </span>
     <span class='ocr_line' id='line_1_26' title="bbox 298 2432 670 2511; baseline -0.003 -20"><span class='ocrx_word' id='word_1_228' title='bbox 298 2432 453 2511; x_wconf 80' lang='lat' dir='ltr'>lego.</span> <span class='ocrx_word' id='word_1_229' title='bbox 513 2432 563 2490; x_wconf 86' lang='lat' dir='ltr'>V</span> <span class='ocrx_word' id='word_1_230' title='bbox 618 2450 670 2492; x_wconf 88' lang='lat' dir='ltr'>e.</span> 
     </span>
    </p>
   </div>
   <div class='ocr_carea' id='block_1_5' title="bbox 859 2569 2467 2736">
    <p class='ocr_par' dir='ltr' id='par_1_5' title="bbox 859 2569 2467 2736">
     <span class='ocr_line' id='line_1_27' title="bbox 1194 2569 1373 2631; baseline -0.006 -1"><span class='ocrx_word' id='word_1_231' title='bbox 1194 2569 1373 2631; x_wconf 87' lang='lat' dir='ltr'>VIIII.</span> 
     </span>
     <span class='ocr_line' id='line_1_28' title="bbox 859 2667 2467 2736; baseline -0.002 -15"><span class='ocrx_word' id='word_1_232' title='bbox 859 2669 914 2725; x_wconf 80' lang='lat' dir='ltr'>c,</span> <span class='ocrx_word' id='word_1_233' title='bbox 949 2669 1194 2721; x_wconf 78' lang='lat' dir='ltr'>PLmius</span> <span class='ocrx_word' id='word_1_234' title='bbox 1229 2670 1474 2722; x_wconf 73' lang='lat' dir='ltr'>coLouo</span> <span class='ocrx_word' id='word_1_235' title='bbox 1507 2668 1625 2721; x_wconf 85' lang='lat' dir='ltr'>suo</span> <span class='ocrx_word' id='word_1_236' title='bbox 1657 2667 1708 2719; x_wconf 88' lang='lat' dir='ltr'>s.</span> <span class='ocrx_word' id='word_1_237' title='bbox 2401 2709 2467 2736; x_wconf 4' lang='lat' dir='ltr'>,p</span> 
     </span>
    </p>
   </div>
   <div class='ocr_carea' id='block_1_6' title="bbox 249 2768 2467 3521">
    <p class='ocr_par' dir='ltr' id='par_1_6' title="bbox 249 2768 2467 3521">
     <span class='ocr_line' id='line_1_29' title="bbox 249 2768 2360 2853; baseline -0.003 -18"><span class='ocrx_word' id='word_1_238' title='bbox 249 2790 278 2841; x_wconf 93' lang='lat'>1</span> <span class='ocrx_word' id='word_1_239' title='bbox 425 2773 602 2835; x_wconf 88' lang='lat' dir='ltr'>Unice</span> <span class='ocrx_word' id='word_1_240' title='bbox 644 2773 826 2852; x_wconf 88' lang='lat' dir='ltr'>probo</span> <span class='ocrx_word' id='word_1_241' title='bbox 867 2772 1017 2853; x_wconf 87' lang='lat' dir='ltr'>quod</span> <span class='ocrx_word' id='word_1_242' title='bbox 1061 2771 1293 2852; x_wconf 89' lang='lat' dir='ltr'>Pompei</span> <span class='ocrx_word' id='word_1_243' title='bbox 1333 2772 1611 2846; x_wconf 84' lang='lat' dir='ltr'>Quintiani</span> <span class='ocrx_word' id='word_1_244' title='bbox 1651 2781 1830 2832; x_wconf 87' lang='lat' dir='ltr'>morte</span> <span class='ocrx_word' id='word_1_245' title='bbox 1874 2781 1986 2832; x_wconf 90' lang='lat' dir='ltr'>tam</span> <span class='ocrx_word' id='word_1_246' title='bbox 2016 2768 2360 2835; x_wconf 70' lang='lat' dir='ltr'>dolenterao</span> 
     </span>
     <span class='ocr_line' id='line_1_30' title="bbox 297 2853 2279 2931; baseline -0.002 -14"><span class='ocrx_word' id='word_1_247' title='bbox 297 2856 555 2917; x_wconf 88' lang='lat' dir='ltr'>adficeris</span> <span class='ocrx_word' id='word_1_248' title='bbox 582 2867 641 2916; x_wconf 91' lang='lat' dir='ltr'>ut</span> <span class='ocrx_word' id='word_1_249' title='bbox 671 2859 859 2918; x_wconf 90' lang='lat' dir='ltr'>amissi</span> <span class='ocrx_word' id='word_1_250' title='bbox 892 2858 1175 2918; x_wconf 89' lang='lat' dir='ltr'>caritatem</span> <span class='ocrx_word' id='word_1_251' title='bbox 1216 2856 1497 2917; x_wconf 90' lang='lat' dir='ltr'>desiderio</span> <span class='ocrx_word' id='word_1_252' title='bbox 1540 2855 1835 2924; x_wconf 62' lang='lat' dir='ltr'>extendam</span> <span class='ocrx_word' id='word_1_253' title='bbox 1872 2873 1983 2915; x_wconf 88' lang='lat' dir='ltr'>non</span> <span class='ocrx_word' id='word_1_254' title='bbox 2017 2862 2078 2912; x_wconf 87' lang='lat' dir='ltr'>ut</span> <span class='ocrx_word' id='word_1_255' title='bbox 2106 2853 2279 2931; x_wconf 88' lang='lat' dir='ltr'>pleri-</span> 
     </span>
     <span class='ocr_line' id='line_1_31' title="bbox 302 2937 2277 3020; baseline -0.002 -21"><span class='ocrx_word' id='word_1_256' title='bbox 302 2958 432 3019; x_wconf 90' lang='lat' dir='ltr'>que,</span> <span class='ocrx_word' id='word_1_257' title='bbox 460 2943 554 3019; x_wconf 90' lang='lat' dir='ltr'>qui</span> <span class='ocrx_word' id='word_1_258' title='bbox 583 2951 794 3001; x_wconf 90' lang='lat' dir='ltr'>tantum</span> <span class='ocrx_word' id='word_1_259' title='bbox 823 2943 1081 3002; x_wconf 86' lang='lat' dir='ltr'>viventes</span> <span class='ocrx_word' id='word_1_260' title='bbox 1119 2950 1299 3000; x_wconf 90' lang='lat' dir='ltr'>amant</span> <span class='ocrx_word' id='word_1_261' title='bbox 1333 2958 1434 3002; x_wconf 89' lang='lat' dir='ltr'>seu</span> <span class='ocrx_word' id='word_1_262' title='bbox 1464 2943 1649 3020; x_wconf 89' lang='lat' dir='ltr'>potius</span> <span class='ocrx_word' id='word_1_263' title='bbox 1678 2957 1862 3000; x_wconf 89' lang='lat' dir='ltr'>amare</span> <span class='ocrx_word' id='word_1_264' title='bbox 1894 2958 1958 2999; x_wconf 88' lang='lat' dir='ltr'>se</span> <span class='ocrx_word' id='word_1_265' title='bbox 1994 2937 2277 3014; x_wconf 89' lang='lat' dir='ltr'>simulant,</span> 
     </span>
     <span class='ocr_line' id='line_1_32' title="bbox 300 3021 2281 3104; baseline -0.001 -23"><span class='ocrx_word' id='word_1_266' title='bbox 300 3040 368 3081; x_wconf 90' lang='lat' dir='ltr'>ac</span> <span class='ocrx_word' id='word_1_267' title='bbox 390 3041 461 3083; x_wconf 89' lang='lat' dir='ltr'>ne</span> <span class='ocrx_word' id='word_1_268' title='bbox 492 3024 747 3085; x_wconf 84' lang='lat' dir='ltr'>simulant</span> <span class='ocrx_word' id='word_1_269' title='bbox 774 3025 1031 3104; x_wconf 85' lang='lat' dir='ltr'>quidem,</span> <span class='ocrx_word' id='word_1_270' title='bbox 1068 3026 1174 3085; x_wconf 88' lang='lat' dir='ltr'>nisi</span> <span class='ocrx_word' id='word_1_271' title='bbox 1199 3042 1342 3103; x_wconf 86' lang='lat' dir='ltr'>quos</span> <span class='ocrx_word' id='word_1_272' title='bbox 1373 3024 1639 3085; x_wconf 84' lang='lat' dir='ltr'>florentes</span> <span class='ocrx_word' id='word_1_273' title='bbox 1666 3023 1874 3083; x_wconf 88' lang='lat' dir='ltr'>vident.</span> <span class='ocrx_word' id='word_1_274' title='bbox 1939 3021 2079 3082; x_wconf 87' lang='lat' dir='ltr'>Nam</span> <span class='ocrx_word' id='word_1_275' title='bbox 2110 3024 2281 3082; x_wconf 88' lang='lat' dir='ltr'>mise-</span> 
     </span>
     <span class='ocr_line' id='line_1_33' title="bbox 299 3106 2278 3183; baseline 0 -19"><span class='ocrx_word' id='word_1_276' title='bbox 299 3120 484 3165; x_wconf 89' lang='lat' dir='ltr'>rorum</span> <span class='ocrx_word' id='word_1_277' title='bbox 515 3123 628 3166; x_wconf 88' lang='lat' dir='ltr'>non</span> <span class='ocrx_word' id='word_1_278' title='bbox 648 3126 817 3169; x_wconf 90' lang='lat' dir='ltr'>secus</span> <span class='ocrx_word' id='word_1_279' title='bbox 839 3126 906 3169; x_wconf 88' lang='lat' dir='ltr'>ac</span> <span class='ocrx_word' id='word_1_280' title='bbox 929 3107 1316 3168; x_wconf 82' lang='lat' dir='ltr'>defunctorum</span> <span class='ocrx_word' id='word_1_281' title='bbox 1341 3107 1761 3169; x_wconf 87' lang='lat' dir='ltr'>obliviscuntur.</span> <span class='ocrx_word' id='word_1_282' title='bbox 1805 3106 1920 3166; x_wconf 91' lang='lat' dir='ltr'>Sed</span> <span class='ocrx_word' id='word_1_283' title='bbox 1944 3106 2043 3165; x_wconf 90' lang='lat' dir='ltr'>tibi</span> <span class='ocrx_word' id='word_1_284' title='bbox 2071 3121 2278 3183; x_wconf 88' lang='lat' dir='ltr'>peren·</span> 
     </span>
     <span class='ocr_line' id='line_1_34' title="bbox 303 3188 2467 3270; baseline 0 -23"><span class='ocrx_word' id='word_1_285' title='bbox 303 3190 390 3248; x_wconf 90' lang='lat' dir='ltr'>nis</span> <span class='ocrx_word' id='word_1_286' title='bbox 423 3188 563 3247; x_wconf 84' lang='lat' dir='ltr'>fides</span> <span class='ocrx_word' id='word_1_287' title='bbox 603 3199 861 3270; x_wconf 85' lang='lat' dir='ltr'>tantaque</span> <span class='ocrx_word' id='word_1_288' title='bbox 901 3194 957 3251; x_wconf 91' lang='lat' dir='ltr'>in</span> <span class='ocrx_word' id='word_1_289' title='bbox 988 3208 1178 3252; x_wconf 88' lang='lat' dir='ltr'>amore</span> <span class='ocrx_word' id='word_1_290' title='bbox 1215 3194 1522 3252; x_wconf 86' lang='lat' dir='ltr'>constantia</span> <span class='ocrx_word' id='word_1_291' title='bbox 1558 3201 1617 3250; x_wconf 90' lang='lat' dir='ltr'>ut</span> <span class='ocrx_word' id='word_1_292' title='bbox 1652 3191 1794 3250; x_wconf 85' lang='lat' dir='ltr'>finiri</span> <span class='ocrx_word' id='word_1_293' title='bbox 1822 3192 1929 3252; x_wconf 90' lang='lat' dir='ltr'>nisi</span> <span class='ocrx_word' id='word_1_294' title='bbox 1959 3199 2053 3249; x_wconf 88' lang='lat' dir='ltr'>tua</span> <span class='ocrx_word' id='word_1_295' title='bbox 2092 3199 2274 3249; x_wconf 86' lang='lat' dir='ltr'>morte</span> <span class='ocrx_word' id='word_1_296' title='bbox 2290 3196 2357 3248; x_wconf 80' lang='lat'>35</span> <span class='ocrx_word' id='word_1_297' title='bbox 2453 3227 2467 3263; x_wconf 53' lang='lat'><em>2</em></span> 
     </span>
     <span class='ocr_line' id='line_1_35' title="bbox 252 3273 2277 3352; baseline -0 -19"><span class='ocrx_word' id='word_1_298' title='bbox 252 3282 415 3334; x_wconf 82' lang='lat' dir='ltr'>2non</span> <span class='ocrx_word' id='word_1_299' title='bbox 444 3274 641 3348; x_wconf 87' lang='lat' dir='ltr'>possit.</span> <span class='ocrx_word' id='word_1_300' title='bbox 704 3273 777 3334; x_wconf 89' lang='lat' dir='ltr'>Et</span> <span class='ocrx_word' id='word_1_301' title='bbox 817 3274 1062 3335; x_wconf 88' lang='lat' dir='ltr'>Hercule</span> <span class='ocrx_word' id='word_1_302' title='bbox 1106 3278 1154 3336; x_wconf 88' lang='lat' dir='ltr'>is</span> <span class='ocrx_word' id='word_1_303' title='bbox 1195 3275 1298 3335; x_wconf 84' lang='lat' dir='ltr'>fuit</span> <span class='ocrx_word' id='word_1_304' title='bbox 1339 3275 1662 3348; x_wconf 87' lang='lat' dir='ltr'>Quintianus</span> <span class='ocrx_word' id='word_1_305' title='bbox 1692 3293 1860 3352; x_wconf 88' lang='lat' dir='ltr'>quem</span> <span class='ocrx_word' id='word_1_306' title='bbox 1889 3273 2045 3350; x_wconf 82' lang='lat' dir='ltr'>diligi</span> <span class='ocrx_word' id='word_1_307' title='bbox 2072 3273 2277 3333; x_wconf 90' lang='lat' dir='ltr'>deceat</span> 
     </span>
     <span class='ocr_line' id='line_1_36' title="bbox 305 3354 2275 3435; baseline 0.003 -23"><span class='ocrx_word' id='word_1_308' title='bbox 305 3354 481 3432; x_wconf 85' lang='lat' dir='ltr'>ipsius</span> <span class='ocrx_word' id='word_1_309' title='bbox 513 3357 791 3435; x_wconf 85' lang='lat' dir='ltr'>exemplo.</span> <span class='ocrx_word' id='word_1_310' title='bbox 836 3357 1060 3417; x_wconf 90' lang='lat' dir='ltr'>Felices</span> <span class='ocrx_word' id='word_1_311' title='bbox 1088 3360 1320 3434; x_wconf 88' lang='lat' dir='ltr'>amabat,</span> <span class='ocrx_word' id='word_1_312' title='bbox 1346 3359 1584 3420; x_wconf 88' lang='lat' dir='ltr'>miseros</span> <span class='ocrx_word' id='word_1_313' title='bbox 1608 3359 1887 3433; x_wconf 86' lang='lat' dir='ltr'>tuebatur,</span> <span class='ocrx_word' id='word_1_314' title='bbox 1921 3356 2275 3418; x_wconf 89' lang='lat' dir='ltr'>desiderabat</span> 
     </span>
     <span class='ocr_line' id='line_1_37' title="bbox 309 3437 2275 3521; baseline 0.002 -23"><span class='ocrx_word' id='word_1_315' title='bbox 309 3437 563 3500; x_wconf 86' lang='lat' dir='ltr'>amissos.</span> <span class='ocrx_word' id='word_1_316' title='bbox 625 3438 739 3500; x_wconf 91' lang='lat' dir='ltr'>Iam</span> <span class='ocrx_word' id='word_1_317' title='bbox 777 3439 872 3499; x_wconf 87' lang='lat' dir='ltr'>illa</span> <span class='ocrx_word' id='word_1_318' title='bbox 907 3449 1107 3517; x_wconf 89' lang='lat' dir='ltr'>quanta</span> <span class='ocrx_word' id='word_1_319' title='bbox 1135 3442 1383 3520; x_wconf 85' lang='lat' dir='ltr'>probitas</span> <span class='ocrx_word' id='word_1_320' title='bbox 1419 3445 1474 3503; x_wconf 91' lang='lat' dir='ltr'>in</span> <span class='ocrx_word' id='word_1_321' title='bbox 1508 3442 1634 3503; x_wconf 88' lang='lat' dir='ltr'>ore!</span> <span class='ocrx_word' id='word_1_322' title='bbox 1686 3452 1887 3521; x_wconf 90' lang='lat' dir='ltr'>quanta</span> <span class='ocrx_word' id='word_1_323' title='bbox 1914 3444 1970 3502; x_wconf 88' lang='lat' dir='ltr'>in</span> <span class='ocrx_word' id='word_1_324' title='bbox 2010 3458 2275 3503; x_wconf 85' lang='lat' dir='ltr'>sermone</span> 
     </span>
    </p>
   </div>
  </div>
 </body>
</html>
