2467 3850
319 203 400 266 74
1160 205 1230 288 ο,
1271 204 1464 266 rum
2450 0 2455 342 l

316 357 632 432 bitraretur,
664 359 946 437 pontificis
971 360 1192 417 maximi
1218 360 1340 418 iure
1371 378 1475 418 seu
1496 361 1687 437 potius
1709 359 2042 418 immanitate
2066 363 2317 439 tyranni,

313 441 544 501 licentia
575 441 815 520 domini,
859 441 1115 521 reliquos
1158 443 1460 522 pontifices
1489 460 1602 502 non
1632 445 1689 501 in
1716 440 1953 518 Regiam
1985 442 2090 503 sed
2123 445 2179 502 in
2210 444 2317 504 Al-

315 526 510 584 banam
537 523 727 584 villam
760 528 1114 586 convocavit.
1178 525 1304 586 Nec
1339 529 1550 586 minore
1581 525 1808 587 scelere
1851 543 2015 603 quam
2043 527 2198 603 quod
2226 528 2315 587 ul·

316 610 457 669 cisci
486 607 781 670 videbatur
810 609 1103 669 absentem
1143 610 1554 688 inauditamque
1584 609 1859 669 damnavit
1892 612 2132 688 incesti,
2178 629 2315 672 cum

315 694 442 772 ipse
477 691 663 754 fratris
706 693 873 754 filiam
911 694 1135 754 incesto
1174 711 1287 753 non
1326 692 1630 773 polluisset
1669 692 1851 754 solum
1895 712 2089 753 verum
2137 697 2362 755 etiam5

270 776 653 840 7occidisset:
704 795 829 837 nam
879 778 1046 837 vidua
1086 778 1284 838 abortu
1324 779 1514 856 periit.
1574 776 1738 838 Missi
1778 780 1963 838 statim
2003 779 2311 856 pontifices
2453 803 2455 900 Ι

318 863 413 940 qui
438 859 829 922 defodiendam
857 860 1279 940 necandamque
1317 870 1597 922 curarent.
1656 859 1760 921 Illa
1799 880 1945 921 nunc
1976 861 2048 921 ad
2074 861 2315 923 Vestam

315 963 463 1005 nunc
491 943 560 1003 ad
589 953 817 1005 ceteros
841 944 982 1005 deos
1013 964 1204 1005 manus
1234 944 1507 1023 tendens,
1540 944 1732 1023 multa,
1764 944 1869 1005 sed
1896 944 2007 1005 boc
2041 945 2313 1025 frequen·

315 1030 530 1089 tissime
576 1027 894 1090 clamitabat
936 1032 1050 1089 ‘me
1096 1027 1309 1089 Caesar
1351 1030 1622 1089 incestam
1663 1038 1849 1109 putat,
1896 1046 2003 1107 qua
2034 1049 2193 1090 sacra
2227 1030 2312 1089 fa·-

269 1114 509 1175 Sciente
544 1113 683 1172 vicit
719 1112 1122 1191 triumphavit.'
1162 1112 1462 1173 Blandiens
1491 1112 1633 1173 haec
1666 1132 1736 1173 an
1768 1113 2035 1190 inridenS,
2066 1133 2143 1174 ex
2171 1114 2313 1173 fidu·-
2332 1129 2402 1183 10

318 1198 404 1257 cia
444 1198 531 1257 sui
564 1215 634 1256 an
677 1215 750 1257 ex
790 1206 1117 1276 contemptu
1146 1199 1421 1276 principis
1457 1196 1657 1257 dixerit
1696 1196 1923 1256 dubium
1959 1207 2068 1258 est.
2126 1197 2308 1274 Dixit,

317 1280 502 1340 donec
543 1280 614 1340 ad
642 1279 1019 1359 supplicium,
1049 1284 1251 1342 nescio
1278 1299 1347 1340 an
1376 1282 1686 1358 innocens,
1727 1290 1885 1341 certe
1916 1290 2190 1359 tamquam
2223 1284 2312 1341 in·

260 1371 295 1425 9
314 1381 551 1440 nocenS,
583 1364 751 1425 ducta
780 1373 891 1425 est.
950 1364 1100 1437 Quin
1133 1367 1301 1425 etiam
1342 1382 1467 1425 cum
1499 1367 1554 1423 in
1583 1364 1721 1424 illud
1749 1363 2172 1425 subterraneum
2207 1366 2308 1425 de-

312 1450 629 1508 mitteretur
656 1448 1054 1527 haesissetque
1084 1448 1453 1509 descendenti
1494 1448 1674 1526 stola,
1727 1451 1895 1508 vertit
1925 1468 1990 1509 se
2022 1467 2091 1509 ac
2117 1448 2309 1509 recol-

313 1532 493 1609 legit,
536 1549 775 1610 cumque
812 1534 866 1592 ei
907 1551 1124 1593 manum
1166 1532 1417 1593 carnifex
1448 1532 1639 1609 daret,
1679 1542 1935 1592 aversata
1959 1540 2049 1592 est
2077 1544 2135 1594 et
2161 1535 2309 1593 resi·
2330 1552 2392 1604 15

315 1615 417 1675 luit
456 1578 799 1694 f’oedumque
844 1624 1162 1677 contactum
1204 1617 1364 1715 quasi
1399 1615 1566 1695 plane
1608 1634 1642 1676 a
1684 1626 1844 1677 casto
1887 1634 2144 1696 puroque
2176 1635 2308 1678 cor-

315 1717 457 1780 pore
486 1701 788 1760 novissima
819 1702 1116 1761 sanctitate
1146 1702 1372 1798 reiecit,
1405 1699 1777 1778 omnibusque
1807 1703 2051 1760 numeris
2070 1700 2308 1779 pudoris

235 1796 302 1847 10
318 1777 572 1861 πολλὴν
595 1777 920 1863 πρόνοιαν
944 1783 1131 1861 ἔσχεν
1155 1775 1506 1864 ευσχήμων
1519 1792 1764 1843 πεσεῖν.
1791 1783 2092 1844 Praeterea
2108 1783 2307 1862 Celer,

318 1886 499 1967 eques
529 1866 835 1944 Romanus,
870 1870 959 1930 cui
992 1866 1256 1930 Cornelia
1287 1868 1661 1945 obiciebatur,
1694 1886 1824 1929 cum
1851 1870 1907 1928 in
1932 1870 2162 1947 comitio
2193 1870 2308 1929 vir·

315 1954 406 2030 gis
437 1951 839 2029 caederetur,
822 1971 879 2012 m
903 1953 1008 2013 hac
1029 1972 1178 2014 voce
1218 1962 1562 2033 persteterat
1603 1952 1759 2032 ‘quid
1789 1950 1947 2013 feci?
1974 1952 2111 2012 nihil
2140 1953 2307 2013 feci?
2322 1973 2387 2027 20

234 2049 297 2099 11
313 2036 563 2096 Ardebat
606 2054 745 2114 ergo
772 2035 1124 2098 Domitianus
1165 2046 1223 2097 et
1255 2036 1602 2097 crudelitatis
1633 2047 1691 2098 et
1724 2038 2028 2115 iniquitatis
2058 2037 2307 2097 infamia.

316 2112 529 2198 Arripit
569 2118 909 2179 Licinianum
960 2119 1111 2199 quod
1154 2122 1211 2179 in
1256 2122 1408 2198 agris
1450 2122 1568 2180 suis
1612 2120 1959 2181 occultasset
2001 2119 2307 2181 Corneliae

316 2202 594 2262 libertam.
633 2201 739 2262 Ille
773 2203 891 2263 ab
874 2206 943 2265 iis
975 2203 1176 2281 quibus
1206 2214 1326 2265 erat
1368 2222 1536 2264 curae
1577 2215 2008 2283 praemonetur,
2051 2207 2099 2265 si
2131 2206 2308 2264 comi·

314 2287 451 2345 tium
480 2294 538 2344 et
565 2287 754 2363 virgas
785 2290 899 2366 pati
927 2287 1138 2364 nollet,
1178 2287 1249 2347 ad
1285 2288 1707 2349 confessionem
1737 2288 2111 2366 confugeret,
2142 2289 2308 2367 quasi

236 2381 302 2432 12
318 2367 389 2427 ad
421 2370 668 2428 veniam:
711 2369 869 2430 fecit.
911 2368 1155 2431 Locutus
1192 2381 1281 2431 est
1310 2388 1416 2450 pro
1446 2361 1683 2432 absente
1710 2370 2026 2433 Herennius
2055 2373 2389 2438 Senecio25

316 2451 429 2513 tale
465 2452 721 2529 quiddam
749 2453 914 2532 quale
944 2465 1034 2514 est
1061 2454 1200 2513 illud
1229 2462 1436 2515 κεῖται
1466 2449 1866 2534 Πάτροκλος.
1900 2456 2000 2517 Ait
2029 2458 2176 2516 enim
2206 2460 2310 2516 ‘ex

234 2547 301 2600 13
321 2536 595 2596 advocato
629 2540 854 2598 nuntius
885 2537 1067 2597 factus
1095 2557 1245 2598 sum:
1273 2538 1590 2600 LIcinianus
1613 2541 1875 2600 recessit.
1878 2544 1899 2573 '
1946 2538 2169 2600 Gratum
2192 2539 2311 2600 boc

318 2620 665 2699 Domitiano,
698 2621 842 2681 adeo
870 2621 1094 2698 quidem
1121 2631 1180 2681 ut
1213 2622 1423 2699 gaudio
1454 2623 1793 2701 proderetur
1821 2622 2156 2702 diceretque
2183 2624 2312 2684 ‘ab-

317 2705 489 2766 solvit
530 2723 633 2766 nos
674 2703 1037 2765 Licinianus!
1117 2705 1347 2766 Adiecit
1386 2709 1551 2766 etiam
1591 2724 1704 2767 non
1744 2725 1879 2768 esse
1922 2707 2310 2768 verecundiae

318 2791 444 2849 eius
473 2790 816 2849 instandum:
866 2790 976 2867 ipsi
1006 2806 1146 2849 vero
1182 2792 1473 2868 permisit,
1528 2792 1578 2851 si
1609 2809 1718 2868 qua
1746 2801 1978 2869 posset,
2031 2810 2105 2851 ex
2131 2792 2389 2857 rebus30

318 2875 435 2932 suis
468 2883 726 2951 raperet,
758 2881 885 2932 ante
913 2891 1074 2950 quam
1104 2875 1251 2933 bona
1279 2873 1729 2953 publicarentur,
1760 2874 2100 2953 exiliumque
2129 2874 2311 2936 molle

237 2969 304 3022 14
318 2954 478 3014 velut
520 2961 822 3035 praemium
864 2954 1037 3016 dedit.
1099 2956 1190 3017 Ex
1230 2975 1343 3037 quo
1382 2967 1568 3018 tamen
1606 2968 1807 3036 postea
1849 2958 2149 3018 clementia
2191 2959 2311 3019 divi

319 3037 541 3099 Nervae
569 3041 863 3101 translatus
893 3050 982 3105 est
1011 3043 1067 3100 in
1094 3041 1366 3119 Siciliam,
1399 3042 1494 3100 ubi
1520 3060 1670 3102 nunc
1699 3043 1995 3119 profitetur
2021 3061 2205 3121 seque
2235 3043 2312 3104 de

238 3137 303 3190 15
320 3122 539 3182 fortuna
571 3124 1012 3200 praefationibus
1050 3124 1318 3185 vindicat.
1376 3120 1559 3185 Vides
1598 3143 1761 3204 quam
1789 3127 2181 3204 obsequenter
2208 3145 2311 3206 pa-

318 3222 472 3264 ream
506 3206 639 3282 tibi,
672 3210 768 3285 qui
797 3226 909 3269 non
938 3208 1121 3269 solum
1149 3227 1246 3270 res
1273 3210 1511 3269 urbanas
1541 3227 1737 3269 verum
1768 3211 1936 3269 etiam
1968 3212 2384 3289 peregrinas&
2454 3224 2455 3233 ²

317 3299 428 3349 tam
455 3288 655 3348 sedulo
685 3293 876 3351 scribo
912 3303 970 3353 ut
998 3292 1163 3352 altius
1193 3301 1468 3370 repetam.
1512 3290 1585 3350 Et
1611 3310 1745 3352 sane
1768 3295 2030 3372 putabam
2057 3304 2140 3370 te,
2180 3296 2312 3373 quia

318 3383 451 3433 tune
495 3371 716 3450 afuisti,
761 3374 896 3433 nihil
936 3374 1084 3434 aliud
1127 3375 1198 3435 de
1226 3374 1511 3434 Liciniano
1529 3375 1765 3436 audisse
1795 3395 1959 3455 quam
1985 3377 2314 3454 relegatum

320 3455 394 3516 ob
427 3457 721 3517 incestum.
766 3456 1041 3520 Summam
1070 3460 1219 3519 enim
1244 3476 1432 3518 rerum
1457 3461 1667 3523 nuntiat
1695 3461 1860 3539 fama,
1893 3477 2007 3521 non
2030 3461 2315 3524 ordinem.
