2467 3850
598 86 1118 235 EylsTULARUl'l
1144 143 1844 223 97.--104.[98.-—·105.]
2097 144 2219 211 233

1007 293 1290 355 xcvnn.
1333 295 1453 374 [c]
1527 338 1534 343 ,

889 393 1214 447 TRAIANUS
1252 395 1462 447 PLINIO
1501 395 1553 447 S.

355 494 610 555 Rationis
641 505 762 572 est,
805 497 879 556 mi
907 495 1167 565 Secunde
1200 498 1523 574 carissime,
1570 497 1802 575 contegi
1830 514 2026 577 aquam
2058 500 2220 561 istam

232 597 376 658 quae
419 597 526 658 per
555 580 838 640 civitatem
864 576 1338 641 Amastrianorum
1372 580 1524 659 fluit,
1571 583 1619 642 si
1660 583 1867 643 intecta
1910 582 2217 643 salubritati

187 664 422 723 5obest.
488 662 732 723 Pecunia
770 682 842 723 ne
884 663 1016 723 huic
1057 665 1217 743 operi
1262 665 1409 725 desit
1451 675 1765 727 curaturum
1810 675 1869 726 te
1909 666 2215 727 secundum

230 746 575 824 diligentiam
602 755 750 807 tuam
780 757 994 807 certum
1022 747 1226 808 habeo.

1101 880 1165 941 G.
1244 880 1337 941 CI.
1402 898 1406 904 ·

614 964 617 965 ’
671 979 1006 1034 C.PL1N1US
1038 882 1771 1031 TRAIANOIIMPERATORL

146 1085 213 1137 10
352 1080 531 1157 Vota,
583 1079 839 1159 domine,
883 1083 1129 1160 priorum
1157 1100 1425 1142 annorum
1460 1090 1775 1162 nuncupata
1803 1082 2021 1144 alacres
2053 1083 2212 1147 laeti-

229 1180 345 1244 que
388 1164 764 1243 persolvimus
814 1184 1072 1245 novaque
1117 1185 1312 1227 rursus
1366 1175 1616 1226 certante
1667 1166 2099 1228 commilitonum
2152 1177 2212 1229 et

226 1247 651 1329 provincialium
689 1252 899 1328 pietate
940 1252 1332 1329 suscepimus,
1365 1252 1584 1330 precati
1625 1250 1765 1310 deos
1805 1261 1865 1311 ut
1893 1261 1949 1312 te
1976 1270 2211 1330 remque

226 1331 511 1413 publicam
565 1332 858 1393 florentem
914 1343 972 1393 et
1018 1334 1355 1394 incolumem
1404 1352 1471 1394 ea
1524 1334 1866 1412 benignitate
1918 1347 2212 1397 servarent

228 1433 391 1494 quam
421 1433 593 1494 super
621 1434 847 1494 magnas
878 1416 1259 1496 plurimasque
1289 1421 1527 1480 virtutes
1556 1420 1860 1496 praecipua
1891 1422 2209 1497 sanctitate,

145 1508 210 1560 15
228 1501 530 1578 obsequie,
564 1500 797 1560 deorum
824 1500 1039 1559 honore
1063 1503 1336 1563 meruisti.

946 1626 961 1641 ·
1056 1632 1148 1693 cl.
1195 1632 1364 1712 [cu]

887 1731 1212 1782 TRAIANUS
1246 1728 1455 1782 PLINIO
1493 1731 1546 1782 S.

347 1832 606 1893 Solvisse
633 1842 765 1893 vota
795 1831 898 1894 diis
927 1831 1311 1892 inmortalibus
1339 1840 1399 1891 te
1428 1840 1735 1910 praeeunte
1764 1847 1867 1909 pro
1896 1848 2019 1891 mea
2056 1832 2210 1892 inco·

137 1930 208 1983 20
223 1917 475 1977 lumitate
508 1916 914 1978 commilitones
959 1935 1084 1977 cum
1114 1914 1551 1995 provincialibus
1586 1915 1894 1976 laetissimo
1927 1932 2209 1975 consensu

226 2007 286 2062 et
316 2003 373 2060 in
402 2001 645 2060 futurum
673 2020 1031 2081 nuncupasse
1064 2000 1339 2079 libenter,
1372 2001 1447 2059 mi
1474 1999 1737 2060 Secunde
1768 1999 2076 2076 carissime,
2114 2015 2207 2059 co·

223 2085 397 2162 gnovi
425 2085 627 2146 litteris
655 2087 786 2147 tuis.

1036 2216 1155 2278 cn.
1207 2215 1405 2300 [ent]

660 2315 714 2367 C.
753 2316 1004 2367 PLINIUS
1039 2315 1326 2367 TRAIANO
1357 2314 1769 2365 IMPERATORI.

137 2434 207 2487 25
347 2415 513 2479 Diem
544 2438 655 2499 quo
694 2421 841 2480 inte
880 2419 1055 2481 tutela
1095 2420 1324 2497 generis
1360 2416 1580 2477 humani
1619 2416 1944 2478 felicissima
1974 2433 2206 2478 succes-

223 2504 384 2564 sione
413 2505 675 2564 translata
705 2512 794 2563 est
826 2504 1012 2564 debita
1040 2504 1320 2580 religione
1350 2502 1783 2578 celebravimus,
1817 2499 2205 2560 commendan-

220 2597 313 2649 tes
340 2587 446 2647 diis
474 2589 695 2667 imperii
727 2588 807 2646 tui
835 2588 1155 2648 auctoribus
1183 2597 1242 2646 et
1268 2594 1398 2645 vota
1428 2584 1657 2663 publica
1685 2595 1743 2645 et
1766 2584 1985 2661 gaudia.

1016 2717 1164 2778 (3111.
1212 2717 1436 2796 [clm]

881 2818 1207 2884 TRAIANUS
1246 2816 1455 2867 PLINIO
1493 2815 1546 2870 S.

134 2935 205 2990 30
342 2918 508 2980 Diem
547 2920 765 2998 imperii
794 2920 904 2979 mei
941 2918 1131 2978 debita
1165 2918 1374 2979 laetitia
1416 2929 1474 2980 et
1511 2919 1788 2995 religione
1823 2914 2205 2977 commilitoni-

219 3005 420 3151 ἓῖιιῖξὲ
443 3003 881 3149 pgpsvincialibus
908 3012 1213 3084 praeeunte
1237 3012 1297 3063 te
1323 3002 1670 3064 celebratum
1692 3001 1938 3062 libenter
1960 3002 2204 3080 cognovi

1016 3184 1192 3246 clm.
1241 3182 1406 3266 [cv]

659 3286 714 3342 G.
746 3286 994 3340 PLINIUS
1027 3286 1311 3338 TRAIANO
1344 3286 1751 3338 IMPERATORI.

132 3400 202 3454 35
340 3388 621 3467 Valerius,
653 3388 912 3467 domine,
944 3388 1204 3449 Paulinus
1235 3398 1483 3467 excepto
1514 3387 1743 3450 Paulino
1771 3390 1858 3449 ius
1888 3387 2203 3449 Latinorum
