2467 3850
317 117 442 182 280
1146 117 1213 180 C.
1254 118 1448 179 1²le

316 280 510 332 contra
539 270 704 348 leges
733 270 967 346 fecisse.
1005 269 1266 349 Magnum
1294 274 1406 334 hoc
1436 281 1587 350 erat,
1619 289 1743 331 cum
1768 274 2154 351 promitteres;
2175 291 2283 334 ma·

314 360 435 433 ius,
467 364 764 435 postquam
788 357 1134 433 praestitisti.
1180 355 1295 415 Iam
1317 358 1523 416 totiens
1547 354 1862 435 procedere
1890 356 1947 415 in
1974 364 2179 433 rostra,
2206 359 2283 415 in-

314 457 612 502 accensum
641 437 798 497 illum
824 440 1126 516 superbiae
1154 441 1468 518 principum
1503 440 1689 500 locum
1715 450 1904 499 terere
1923 486 1940 517 ,
1984 440 2079 498 hic
2108 442 2284 500 susci·

303 541 455 603 pere
493 522 587 582 hic
625 538 839 601 ponere
868 526 1252 600 magistratus,
1304 541 1465 601 quam
1499 526 1722 601 dignum
1746 534 1842 600 te,
1898 541 2175 602 quamque
2206 523 2283 583 di·

312 624 537 668 versum
568 605 971 667 consuetudine
1000 607 1218 666 illorum
1252 611 1344 685 qui
1381 608 1635 686 pauculis
1678 607 1874 668 diebus
1903 615 2127 683 gestum
2157 625 2287 667 con-
2324 615 2360 667 5

314 691 581 767 sulatum,
628 693 794 750 immo
834 708 947 750 non
974 700 1195 767 gestum
1221 692 1535 752 abiciebant
1566 709 1670 770 per
1700 689 1966 750 edictum!
2029 690 2154 749 Hoc
2184 707 2286 768 pro

314 776 610 849 contione,
644 792 747 852 pro
774 776 1008 851 rostrIs,
1040 792 1143 853 pro
1174 778 1294 834 iure
1323 775 1576 843 iurandm
1618 774 1840 834 scilicet
1871 784 1929 834 ut
1961 776 2154 853 primis
2192 792 2287 834 ex-

312 869 489 918 trema
519 867 919 934 congruerent,
954 867 1124 937 utque
1153 859 1264 918 hoc
1298 859 1424 919 solo
1452 857 1918 936 intellegerentur
1945 860 2055 936 ipsi
2083 876 2287 918 consu-

312 940 399 1001 les
428 941 603 1002 fuisse
637 942 788 1019 quod
813 941 908 1001 alii
937 960 1048 1001 non
1077 943 1331 1004 fuissent.

210 1029 291 1092 66
432 1024 560 1085 Non
587 1025 899 1103 transsilui,
936 1035 1122 1103 patres
1155 1027 1493 1104 conscripti,
1525 1026 1793 1103 principis
1822 1027 1998 1085 nostri
2027 1025 2375 1086 consula-lo

308 1121 456 1186 tum,
508 1108 612 1170 sed
652 1109 890 1169 eundem
930 1111 987 1170 in
1025 1108 1211 1169 locum
1253 1109 1461 1169 contuli
1502 1109 1767 1187 quidquid
1807 1109 1877 1167 de
1906 1111 2024 1168 iure
2057 1108 2288 1170 iurando

309 1192 604 1254 dicendum
646 1202 782 1252 erat.
843 1191 1045 1271 Neque
1078 1195 1257 1272 enim,
1307 1203 1369 1253 ut
1408 1195 1465 1253 in
1505 1193 1683 1253 sterili
1712 1194 2007 1269 ieiunaque
2036 1195 2286 1269 materia,

308 1277 540 1337 eandem
571 1277 825 1352 speciem
865 1276 1041 1338 laudis
1084 1276 1351 1337 diducere
1385 1294 1453 1338 ac
1482 1294 1753 1354 spargere
1783 1274 2289 1358 atque-identidem

305 1368 544 1419 tractare
576 1358 865 1420 debemus.
927 1360 1207 1420 Inluxerat
1250 1362 1460 1439 primus
1501 1360 1819 1420 consulatus
1861 1362 1941 1419 tui
1970 1359 2125 1436 dieS,
2175 1377 2286 1436 quo

305 1454 365 1504 tu
400 1443 608 1501 curiam
633 1443 958 1521 ingressus,
999 1462 1148 1508 nunc
1177 1444 1429 1521 singulos
1461 1463 1608 1503 nunc
1636 1445 1932 1503 universos
1963 1442 2284 1503 adhortatus
2306 1453 2373 1506 15

308 1544 372 1585 es
391 1542 682 1586 resumere
710 1526 1055 1606 libertatem,
1091 1546 1397 1606 capessere
1420 1530 1579 1606 quasi
1610 1528 1914 1588 communis
1938 1528 2158 1604 imperii
2189 1545 2286 1585 cu·
2444 1531 2445 1542 ¹

305 1628 419 1685 ras,
451 1609 743 1686 invigilare
772 1612 1017 1690 puhlicis
1041 1611 1366 1673 utilitatibus
1391 1622 1448 1672 et
1471 1614 1783 1689 insurgere.
1831 1610 2040 1669 Omnes
2067 1619 2195 1669 ante
2229 1619 2288 1669 te

305 1694 502 1753 eadem
531 1696 638 1753 ista
669 1695 947 1773 dixerunt,
980 1698 1186 1757 nemini
1207 1706 1391 1757 tamen
1419 1705 1546 1755 ante
1574 1705 1630 1755 te
1657 1695 1926 1753 creditum
1956 1703 2063 1755 est.
2111 1692 2289 1753 Erant

304 1777 409 1838 sub
454 1776 635 1838 oculis
674 1778 959 1855 naufragia
998 1779 1326 1856 multorum,
1392 1797 1535 1858 quos
1576 1778 1841 1839 insidiosa
1884 1776 2289 1855 tranquillitate

303 1871 610 1941 provectos
639 1862 956 1940 inprovisus
985 1864 1149 1924 turbo
1175 1862 1511 1940 perculerat.
1558 1861 1723 1936 Quod
1753 1863 1898 1925 enim
1919 1870 2025 1919 tam
2057 1860 2288 1919 infidum
2305 1869 2381 1921 20

303 1964 453 2005 mare
490 1963 653 2023 qnam
684 1946 983 2006 blanditiae
1016 1950 1326 2025 principum
1358 1948 1614 2023 illorum,
1649 1947 1849 2024 quibus
1881 1955 2026 2005 tanta
2056 1944 2287 2023 levitaS,

302 2038 451 2089 tanta
479 2030 631 2089 fraus
658 2039 717 2089 ut
746 2030 965 2091 facilius
999 2041 1155 2092 esset
1183 2033 1358 2091 iratos
1386 2047 1550 2109 quam
1580 2032 1859 2109 propitios
1889 2026 2145 2089 habere?
2201 2027 2287 2089 Te

299 2130 440 2172 vero
472 2116 659 2172 securi
692 2124 750 2173 et
791 2113 1008 2174 alacres
1039 2132 1151 2193 quo
1182 2132 1356 2174 vocas
1402 2117 1704 2193 sequimur.
1769 2113 1939 2173 Iubes
1974 2131 2106 2172 esse
2140 2112 2290 2173 libe-

300 2213 427 2263 ros;
469 2197 706 2255 erimus:
746 2197 910 2258 iubes
938 2216 1082 2276 quae
1112 2201 1381 2258 sentimus
1410 2215 1672 2274 promere
1702 2200 1757 2256 in
1788 2197 2060 2264 medium;
2090 2196 2290 2274 profe-

300 2294 510 2337 remus.
569 2277 771 2357 Neque
818 2283 965 2340 enim
1004 2281 1185 2341 adhuc
1228 2284 1446 2358 ignavia
1486 2281 1719 2359 quadam
1758 2290 1815 2341 et
1845 2283 2013 2340 insito
2048 2273 2288 2357 torpore
2308 2288 2381 2342 25

302 2362 673 2421 cessavimus:
722 2371 907 2423 terror
936 2374 996 2424 et
1023 2374 1205 2424 metus
1252 2376 1308 2424 et
1349 2366 1552 2424 misera
1589 2364 1683 2425 illa
1719 2383 1792 2423 ex
1819 2361 2091 2442 periculis
2137 2363 2295 2423 facta

300 2444 591 2522 prudentia
621 2445 882 2506 monebat
909 2457 969 2506 ut
990 2466 1021 2507 a
1042 2466 1105 2507 re
1136 2447 1361 2526 publica
1390 2448 1570 2526 (nulla
1591 2457 1710 2508 erat
1733 2459 1918 2507 autem
1942 2449 2165 2506 omnino
2188 2465 2293 2507 res

207 2518 220 2535 ‘
296 2527 553 2607 publica)
586 2528 783 2589 oculos
812 2548 976 2593 aures
1004 2534 1214 2591 animos
1243 2542 1645 2591 averteremus,
1683 2530 1757 2591 At
1782 2549 1931 2590 nunc
1967 2540 2059 2590 tua
2090 2529 2297 2591 dextra

296 2614 526 2691 tuisque
550 2614 842 2691 promissis
875 2614 1006 2675 freti
1033 2625 1093 2674 et
1133 2617 1336 2691 innixi,
1379 2615 1617 2694 obsepta
1649 2616 1853 2674 diutIna
1881 2616 2156 2684 servitute
2187 2632 2297 2673 ora

298 2714 615 2758 reseramus
637 2698 1015 2776 frenatamque
1046 2708 1127 2759 tot
1156 2698 1316 2758 malis
1339 2697 1580 2774 linguam
1616 2698 1971 2759 resolvimus.
2015 2698 2110 2757 Vis
2137 2700 2297 2757 enim
2313 2705 2388 2759 30
2444 2762 2445 2765 ,

299 2779 442 2840 tales
476 2799 609 2842 esse
638 2798 743 2842 nos
774 2781 970 2859 quales
1002 2783 1198 2859 iubes,
1242 2780 1490 2859 nihilque
1533 2782 2016 2842 exhortationibus
2054 2784 2166 2841 tuis
2200 2782 2296 2840 fu-

303 2871 516 2940 catum,
557 2864 691 2924 nihil
723 2864 1017 2925 subdolum
1037 2910 1053 2941 ,
1100 2866 1342 2943 denique
1373 2865 1508 2925 nihil
1541 2866 1691 2943 quod
1724 2866 2051 2925 credentem
2081 2865 2298 2925 fallere

299 2954 491 3020 paret,
521 2964 632 3005 non
661 2949 783 3008 sine
813 2949 1071 3025 periculo
1102 2949 1367 3008 fallentiS.
1413 2949 1615 3027 Neque
1648 2953 1793 3010 enim
1822 2958 2081 3027 umquam
2113 2948 2297 3009 dece-

200 3018 279 3081 67
303 3030 438 3097 ptus.
473 3038 561 3086 est
600 3033 868 3108 princeps
898 3034 1004 3091 nisi
1036 3035 1130 3110 qui
1161 3035 1315 3110 prius
1349 3034 1474 3111 ipse
1503 3033 1751 3110 decepit.
1819 3032 2098 3110 Equidem
2135 3033 2299 3091 hunc

298 3109 542 3200 parentis
583 3112 797 3187 publici
839 3118 1068 3175 sensum
1109 3134 1233 3175 cum
1262 3134 1334 3174 ex
1362 3118 1610 3176 oratione
1651 3118 1774 3178 eius
1811 3127 1927 3183 tum
1956 3118 2294 3194 pronuntia·
2315 3124 2393 3178 35
2444 3154 2445 3165 κ

298 3194 453 3280 tione
479 3190 602 3264 ipsa
630 3198 996 3274 perspexisse
1026 3199 1242 3257 videor.
1286 3198 1443 3271 Quae
1476 3201 1623 3260 enim
1648 3199 1746 3259 illa
1772 3203 2019 3277 gravitas
2050 3210 2297 3260 senten·

301 3269 518 3326 uarum!
549 3290 709 3347 quam
731 3279 1063 3340 inadfectata
1083 3284 1290 3342 veritas
1314 3283 1643 3343 verborum!
1673 3286 1818 3360 quae
1843 3284 2206 3344 adseveratio
2236 3287 2300 3344 in

299 3347 473 3408 voce!
513 3368 653 3430 quae
681 3358 1069 3422 adfirmatio'in
1097 3363 1279 3429 vultu!
1326 3377 1526 3444 quanta
1553 3369 1611 3427 in
1640 3367 1857 3446 oculis,
1902 3367 2132 3448 habitu,
2177 3386 2298 3448 ge-
