2467 3850
699 182 1221 247 PANEGYRICUS
1264 181 1349 248 53.
1367 194 1452 247 54.
1465 193 1553 247 55.
1988 183 2112 250 271

133 340 440 421 quiescant.
466 336 594 410 Quo
609 341 976 416 constantim,
1005 348 1195 416 patres
1222 338 1547 416 conscripti,
1564 346 1622 397 et
1636 335 1865 399 dolores
1887 347 2114 398 nostros

134 435 192 485 et
213 422 411 501 gaudia
435 422 816 501 proferamus:
857 425 1153 483 laetemur
1189 424 1284 482 his
1308 424 1526 500 quibus
1544 423 1842 500 fruimur,
1880 423 2113 499 ingemi·

132 525 351 568 scamus
384 505 496 566 illis
539 524 682 584 quae
726 507 1090 584 patiebamur.
1149 505 1322 566 Simul
1353 516 1647 583 utrumque
1681 503 1992 564 faciendum
2025 514 2114 565 est

133 592 235 652 sub
258 592 406 651 bono
430 591 708 668 principe.
731 588 855 650 Hoc
879 599 1098 651 secreta
1120 600 1331 666 nostra,
1347 590 1457 649 hoc
1482 606 1795 666 sermones,
1820 588 1930 649 hoc
1955 592 2114 667 ipsae

5 707 8 718 ·
81 688 115 738 5
132 677 422 753 gratiarum
451 676 702 733 actiones
720 682 903 751 agant,
941 675 1401 752 meminerintque
1435 676 1517 736 sic
1545 675 1779 732 maxime
1800 672 2009 732 laudari
2032 675 2112 732 in-

132 758 407 818 columem
429 760 853 836 imperatorem,
885 760 933 817 si
959 759 1177 835 priores
1208 774 1376 817 secus
1405 759 1585 816 meriti
1614 758 2110 835 reprehendantur.

29 856 34 864 ²
130 841 269 902 Nam
298 860 423 900 cum
459 841 529 901 de
559 841 703 900 malo
733 843 989 920 principe
1016 844 1233 919 posteri
1264 849 1481 918 tacent,
1528 840 1877 901 manifestum
1907 851 1995 901 est
2019 845 2115 900 eat-⁸

130 926 258 986 dem
299 924 490 985 facere
524 935 902 1004 praesentem.
965 924 1041 983 Et
1082 928 1205 1006 quis
1245 927 1351 984 iam
1379 924 1541 985 locus
1573 927 1806 984 miserae
1838 924 2105 985 adulatio·
2127 923 2212 988 54

128 1011 215 1070 nis
257 1010 512 1069 manebat
542 1011 796 1086 ignarus,
842 1027 967 1069 cum
1007 1008 1203 1069 laudes
1243 1012 1638 1087 imperatorum
1679 1007 1822 1068 ludis
1856 1010 2021 1068 etiam
2054 1020 2112 1070 et

5 1103 6 1106 ’
50 1106 118 1158 10
136 1093 617 1154 commissionibus
649 1093 1104 1169 celebrarentur,
1144 1092 1509 1168 saltarentur,
1550 1102 1718 1169 atque
1749 1095 1803 1151 in
1834 1109 1996 1151 omne
2026 1092 2110 1151 lu-

131 1176 366 1236 dibrium
396 1176 727 1237 effeminatis
756 1179 994 1237 vocibus
1023 1178 1203 1236 modis
1233 1173 1954 1254 gestibus‘frangerentur‘?
1993 1176 2110 1238 Sed

126 1260 269 1320 illud
292 1260 575 1337 indignum
605 1260 754 1338 quod
787 1261 989 1321 eodem
1016 1270 1273 1339 tempore
1303 1264 1358 1319 in
1381 1269 1575 1319 senatu
1605 1262 1740 1319 etin
1768 1278 2006 1336 scaena,
2039 1261 2108 1322 ab

129 1344 398 1405 histrione
423 1354 481 1404 et
511 1363 542 1403 a
566 1345 801 1404 consule
833 1345 1212 1405 laudabantur.
1266 1344 1349 1403 Tu
1379 1344 1579 1423 procul
1611 1362 1642 1403 a
1672 1346 1751 1403 tui
1787 1344 1936 1404 cultu
1968 1343 2108 1405 ludi-

132 1447 254 1488 cras
286 1438 434 1488 artes
463 1430 772 1500 removisti.
815 1430 974 1489 Seria
1003 1447 1141 1506 ergo
1172 1439 1228 1488 te
1259 1430 1496 1487 carmina
1524 1428 1815 1506 honorque
1843 1438 2107 1490 aeternus

48 1522 113 1574 15
131 1511 434 1589 annalium,
467 1530 585 1576 ,non
614 1512 755 1572 haec
784 1513 972 1572 brevis
1001 1521 1058 1571 et
1075 1511 1346 1591 -pudenda
1377 1512 1718 1589 praedicatio
1756 1512 1922 1572 colit:
1976 1515 2108 1592 quin

128 1598 296 1655 etiam
334 1606 487 1656 tanto
531 1598 741 1655 maiore
783 1614 1062 1656 consensu
1104 1599 1158 1654 in
1184 1597 1601 1653 venerationem
1632 1598 1711 1655 tui
1741 1596 1955 1656 theatra
1984 1599 2108 1675 ipsa

129 1689 504 1758 consurgent,
560 1688 764 1758 quanto
804 1681 981 1755 magis
1024 1678 1093 1737 de
1133 1688 1190 1738 te
1232 1695 1473 1737 scaenae
1505 1677 1764 1737 silebunt.
1829 1679 1945 1738 Sed
1973 1681 2106 1758 quid

126 1780 240 1840 ego
277 1764 426 1824 istud
463 1764 732 1840 admiror,
775 1779 901 1823 cum
940 1779 1042 1821 eos
1070 1771 1310 1840 ‘quoque
1351 1761 1596 1821 honores
1626 1764 1718 1840 qui
1751 1762 1911 1821 tibia
1937 1765 2103 1823 nobis

126 1847 435 1908 offeruntur
463 1857 558 1907 aut
584 1846 833 1906 delibare
862 1847 1193 1926 parcissime
1220 1854 1313 1904 aut
1342 1846 1562 1904 omnino
1586 1844 1774 1903 soleas
1797 1843 2104 1905 recusare?

40 1929 275 1993 aoNihil
306 1942 433 1992 ante
461 1941 571 1993 tam
597 1931 829 2008 vulgare
846 1976 863 2008 ,
905 1941 1017 1991 tam
1047 1948 1276 2010 parvum
1303 1932 1360 1989 in
1390 1939 1585 1993 senatu
1613 1929 1884 2011 agebatur
1904 1938 1964 1987 ut
1992 1947 2104 1989 non

123 2013 382 2076 laudibus
419 2016 732 2093 principum
771 2016 1174 2074 inmorarentur
1213 2014 1655 2092 quibuscumque
1697 2011 1965 2072 censendi
2004 2031 2102 2072 ne·

124 2099 366 2159 cessitas
394 2096 713 2159 accidisset.
787 2097 875 2157 De
906 2097 1217 2175 ampliando
1247 2115 1477 2157 numero
1507 2096 1873 2173 gladiatorum
1906 2096 2102 2155 aut‘de

120 2180 465 2243 instituendo
498 2180 748 2258 collegio
782 2181 1065 2242 fabrorum
1101 2179 1567 2257 consulebamur,
1599 2190 1656 2240 et
1683 2181 1839 2259 quasi
1867 2179 2102 2258 prolatis
2179 2224 2185 2229 -

121 2266 344 2344 imperii
384 2265 583 2325 finibus
619 2283 765 2325 nunc
796 2268 1057 2343 ingentes
1086 2283 1251 2325 arcus
1282 2282 1734 2343 excessurosque
1765 2263 2100 2342 templorum

38 2359 110 2412 25
127 2348 410 2431 fastigium
435 2348 660 2427 titulos,
709 2368 857 2410 nunc
887 2368 1114 2410 menses
1144 2352 1309 2410 etiam
1335 2367 1443 2413 nec
1473 2349 1579 2431 hos
1606 2349 1864 2426 singulos
1894 2351 2102 2409 nomini

124 2431 428 2493 Caesarum
470 2433 807 2495 dicabamus.
870 2433 1225 2495 Patiebantur
1269 2434 1383 2511 illi,
1439 2443 1498 2493 et
1541 2437 1697 2511 quasi
1741 2436 2099 2508 meruissent,

119 2516 487 2578 laetabantur.
560 2518 636 2577 At
668 2537 817 2578 nunc
846 2520 972 2596 quis
1000 2528 1283 2595 nostrum,
1330 2527 1606 2596 tamquam
1637 2516 1843 2577 oblitus
1875 2519 1996 2576 eius
2029 2516 2100 2576 de

123 2617 239 2678 quo
282 2601 558 2678 refertur,
624 2602 908 2681 censendi
934 2601 1176 2663 officium
1217 2604 1486 2681 principis
1526 2601 1741 2661 honore
1786 2597 2100 2660 consumit?

119 2681 278 2744 Tuae
305 2684 699 2745 moderationis
721 2685 842 2746 laus
875 2681 1017 2745 baec
1045 2689 1348 2746 constantia
1370 2695 1588 2745 nostra:
1619 2684 1717 2745 tibi
1742 2685 2103 2762 obsequimur

33 2767 279 2846 30quod
307 2770 366 2828 in
394 2771 597 2829 curiam
622 2787 733 2829 non
766 2771 837 2832 ad
866 2779 1146 2830 certamen
1168 2768 1540 2830 adulationum
1569 2768 1669 2830 sed
1699 2767 1767 2827 ad
1797 2786 1955 2829 usum
1983 2785 2100 2824 mu-

117 2869 342 2930 nusque
375 2854 615 2913 iustitiae
647 2853 1041 2931 convenimus,
1066 2855 1207 2913 hanc
1235 2853 1574 2933 simplicitati
1602 2863 1729 2913 tuae
1762 2852 2100 2928 veritatique

117 2938 355 3012 gratiam
381 2936 613 2996 relaturi
647 2947 706 2998 ut
736 2947 794 2997 te
824 2955 967 3016 quae
995 2939 1084 2998 vis
1112 2936 1297 3016 velle,
1341 2955 1483 3015 quae
1513 2955 1624 2996 non
1651 2938 1736 2997 vis
1777 2935 1930 2996 nolle
1976 2951 2100 2995 cre·

118 3017 337 3080 damus.
406 3019 708 3099 Incipimus
758 3020 921 3099 inde,
974 3020 1277 3090 desinimus
1318 3022 1393 3080 ibi
1431 3038 1463 3080 a
1503 3039 1613 3098 quo
1657 3021 1861 3098 incipi,
1904 3020 1960 3080 in
1988 3035 2100 3098 quo

118 3100 306 3163 desini
333 3104 439 3165 sub
470 3103 580 3164 alio
610 3106 866 3184 principe
898 3122 1010 3164 non
1039 3114 1257 3182 posset.
1302 3102 1440 3165 Nam
1463 3104 1769 3183 plerosque
1800 3122 1874 3163 ex
1903 3104 2100 3162 decre-

30 3194 99 3248 35
117 3188 194 3248 tis
224 3187 530 3248 honoribus
571 3196 630 3249 et
669 3187 761 3248 alii
790 3206 901 3249 non
928 3197 1298 3265 receperunt;
1347 3202 1513 3247 nemo
1542 3198 1669 3248 ante
1697 3197 1880 3247 tantus
1909 3186 2013 3248 fuit
2041 3197 2102 3248 ut

116 3268 453 3332 crederetur
478 3271 730 3332 noluisse
756 3273 1005 3332 decerni.
1045 3269 1213 3343 Quod
1244 3288 1355 3348 ego
1385 3270 1557 3332 titulis
1593 3272 1844 3331 omnibus
1873 3273 2100 3350 specio·

114 3355 241 3413 sius
271 3371 431 3432 reor,
464 3355 684 3433 quando
711 3374 822 3416 non
851 3356 1100 3416 trabibus
1131 3364 1225 3415 aut
1255 3357 1404 3414 saxis
1435 3371 1635 3414 nomen
1665 3364 1818 3414 tuum
1847 3354 1951 3416 sed
1980 3370 2097 3412 mo-

5 3446 8 3455 ·
111 3440 397 3499 numentis
424 3448 688 3502 aeternae
716 3439 892 3500 laudis
921 3438 1194 3500 inciditur.
1249 3438 1358 3499 Ibit
1394 3437 1708 3500 insaecula
1737 3438 2092 3516 fuisseeprin·
2117 3433 2199 3497 55
