2467 3850
299 170 384 231 44
1138 168 1202 229 C.
1249 168 1438 230 PLINI

255 332 390 393 2est
414 321 559 381 enim
586 319 688 379 illo
715 324 863 382 vitae
893 338 1106 399 genere
1136 321 1467 382 distinctius.
1532 320 1625 382 Me
1655 331 1837 382 autem
1869 331 1928 381 ut
1968 330 2157 382 certus
2200 323 2281 382 si-

303 406 495 465 derum
522 423 719 466 cursus
747 408 822 466 ita
850 407 963 465 vita
990 405 1269 465 bominum
1292 405 1562 482 disposita
1591 403 1857 483 delectat,
1890 423 2085 464 senum
2110 423 2280 483 prae-

301 490 509 550 sertim.
552 487 693 548 Nam
728 492 963 549 iuvenes
994 489 1228 548 confusa
1266 488 1446 548 adhuc
1474 488 1743 567 quaedam
1780 498 1837 548 et
1869 489 2027 568 quasi
2057 489 2282 549 turbata

302 590 414 633 non
451 569 745 641 indecent;
792 573 1023 632 senibus
1061 571 1281 650 placida
1320 574 1501 632 omnia
1543 583 1600 632 et
1630 572 1878 632 ordinata
1910 574 2277 649 conveniunt,

253 656 507 735 3quibus
538 655 803 716 industria
832 674 959 716 sera
978 701 995 732 ,
1039 658 1217 735 turpis
1246 656 1470 715 ambitio
1502 666 1608 717 est.
1669 653 1825 715 Hanc
1848 654 2101 732 regulam
2127 656 2277 734 Spu·
2299 665 2334 717 5

304 743 458 800 rinna
484 742 930 806 constantissime
958 749 1174 807 servat;
1217 741 1350 817 quin
1377 742 1539 799 etiam
1567 758 1736 818 parva
1764 739 1939 816 haec,
1973 756 2178 817 parva,
2226 739 2279 798 si

304 841 415 883 non
459 823 664 883 cotidie
708 825 871 899 liant,
926 823 1121 883 ordine
1174 824 1412 901 quodam
1453 834 1512 883 et
1550 823 1706 883 velut
1748 823 1888 882 orbe
1930 824 2274 898 circumagit.

248 906 464 977 4Mane
492 905 704 966 lectulo
728 909 1063 984 continetur,
1086 905 1222 965 hora
1247 906 1494 966 secunda
1520 907 1749 967 calceos
1777 908 1996 985 poscit,
2035 905 2279 965 ambulat

298 990 446 1050 milia
485 1009 748 1069 passuum
786 993 890 1050 tria
924 1009 1034 1050 nec
1079 993 1257 1050 minus
1293 993 1527 1049 animum
1565 1008 1726 1069 quam
1770 1007 1978 1068 corpus
2016 998 2272 1049 exercet.

301 1075 361 1134 Si
392 1074 588 1133 adsunt
625 1076 821 1151 amici,
870 1073 1248 1136 honestissimi
1288 1092 1579 1135 sermones
1616 1073 1993 1153 explicantur:
2049 1075 2096 1132 si
2135 1089 2272 1147 non,
2297 1078 2369 1129 10

301 1157 446 1217 liber
473 1157 706 1233 legitur;
732 1157 1006 1217 interdum
1028 1160 1193 1219 etiam
1220 1158 1609 1236 praesentibus
1639 1159 1866 1232 amicis,
1903 1159 1951 1216 si
1977 1165 2159 1215 tamen
2190 1155 2276 1214 illi

254 1259 287 1310 5
302 1259 410 1301 non
444 1246 776 1317 gravantur!
799 1241 1021 1301 Deinde
1043 1242 1304 1318 considit,
1336 1251 1394 1302 et
1421 1242 1566 1301 liber
1588 1260 1777 1303 rursus
1803 1248 1897 1299 aut
1919 1257 2103 1300 sermo
2127 1238 2276 1298 libro

301 1327 515 1403 potior:
566 1343 696 1401 mox
735 1324 1054 1385 vehiculum
1099 1326 1386 1401 ascendit,
1428 1325 1665 1385 adsumit
1704 1342 1938 1384 uxorem
1976 1322 2274 1399 singularis

250 1407 548 1487 sexempli
588 1409 683 1468 vel
724 1407 969 1487 aliquem
995 1412 1330 1487 amicorum,
1372 1419 1431 1469 ut
1467 1428 1559 1469 me
1599 1411 1871 1487 proxime.
1939 1406 2115 1480 Quam
2147 1406 2274 1485 pul·

303 1492 496 1553 chrum
523 1491 696 1570 illud,
735 1511 898 1570 quam
937 1492 1104 1553 dulce
1149 1492 1460 1552 secretum!
1501 1503 1763 1570 quantum
1791 1492 1868 1551 ibi
1904 1489 2271 1569 antiquitatis!
2293 1499 2362 1551 15

304 1595 447 1655 quae
488 1575 669 1653 facta,
725 1595 868 1654 quos
909 1578 1062 1635 viros
1108 1576 1326 1636 audias!
1386 1577 1586 1654 quibus
1631 1577 1953 1654 praeceptis
1993 1573 2270 1633 imbuare!

305 1662 552 1737 quamvis
580 1659 680 1719 ille
710 1659 822 1721 hoc
851 1669 1347 1739 temperamentum
1375 1659 1682 1720 modestiae
1711 1677 1845 1719 suae
1877 1657 2168 1733 indixerit,
2200 1676 2272 1716 ne

253 1755 285 1809 7
305 1746 636 1822 praecipere
664 1743 932 1803 videatur.
998 1743 1249 1804 Peractis
1281 1753 1500 1822 septem
1531 1744 1752 1803 milibus
1784 1760 2047 1821 passuum
2072 1742 2274 1800 iterum

302 1826 542 1888 ambulat
577 1827 768 1905 mille,
812 1829 1015 1888 iterum
1047 1828 1241 1889 residit
1278 1827 1373 1887 vel
1410 1847 1476 1888 se
1520 1826 1782 1888 cubiculo
1810 1844 1878 1885 ac
1908 1825 2041 1885 stilo
2067 1824 2272 1884 reddit.

302 1912 508 1972 Scribit
530 1913 700 1989 enim,
736 1920 794 1973 et
818 1912 1040 1990 quidem
1061 1922 1295 1991 unaque
1318 1911 1528 1989 lingua,
1559 1910 1734 1986 lyrica
1761 1909 2112 1970 doctissima:
2139 1909 2363 1969 miram

302 1995 415 2056 illis
450 1995 727 2072 dulcedo,
772 1998 907 2055 mira
929 1998 1206 2071 suavitas,
1258 1997 1391 2053 mira
1419 1994 1698 2071 hilaritas,
1733 1997 1890 2054 cuius
1917 1995 2148 2071 gratiam
2177 2011 2273 2053 cu-

249 2080 471 2144 8mulat
501 2082 766 2139 sanctitas
813 2080 1131 2139 scribentis.
1194 2078 1303 2137 Ubi
1341 2078 1477 2136 hora
1518 2078 1721 2138 balinei
1760 2079 2002 2137 nuntiata
2032 2085 2122 2137 est
2152 2077 2275 2154 (est

301 2173 483 2223 autem
507 2162 690 2222 hieme
713 2179 878 2237 nona,
908 2171 1123 2222 aestate
1147 2161 1400 2237 octava),
1431 2163 1485 2219 in
1513 2161 1661 2238 sole,
1692 2164 1740 2221 si
1764 2171 1916 2222 caret
1936 2170 2129 2236 vento,
2163 2178 2273 2219 am·

302 2246 455 2306 bulat
483 2244 683 2305 nudus.
720 2244 937 2303 Deinde
966 2254 1221 2303 movetur
1250 2243 1362 2321 pila
1386 2244 1750 2304 vehementer
1771 2254 1828 2305 et
1856 2245 1976 2303 diu:
2005 2262 2131 2303 nam
2162 2243 2274 2302 hoc

303 2346 527 2408 quoque
557 2328 970 2388 exercitationis
994 2346 1207 2403 genere
1239 2338 1448 2405 pugnat
1477 2346 1601 2387 cum
1626 2339 1941 2388 senectute.
1974 2327 2144 2387 Lotus
2178 2344 2272 2387 ac·
2289 2334 2359 2386 25

304 2412 468 2473 cubat
495 2420 552 2469 et
584 2409 872 2487 paulisper
899 2411 1083 2470 cibum
1111 2410 1325 2470 differt:
1353 2413 1571 2471 interim
1598 2411 1748 2471 audit
1770 2410 2057 2488 legentem
2078 2413 2274 2470 remis·

303 2499 417 2554 sius
445 2492 653 2571 aliquid
681 2503 739 2552 et
774 2492 1008 2554 dulcius.
1054 2493 1162 2553 Per
1182 2493 1296 2554 hoc
1318 2511 1478 2554 omne
1508 2505 1567 2555 te
1662 2514 1729 2555 us
1757 2494 1995 2554 liberum
2023 2504 2113 2554 est
2141 2495 2274 2553 ami·

257 2581 389 2645 9cis
416 2576 509 2636 vel
541 2576 737 2635 eadem
777 2577 968 2637 facere
998 2577 1092 2638 vel
1127 2577 1267 2655 alia,
1308 2580 1357 2637 si
1382 2513 1965 2723 malintf'slAdponitur
1995 2595 2136 2638 cena
2163 2595 2275 2638 non

303 2664 480 2720 minus
504 2660 671 2719 nitida
700 2679 861 2738 quam
886 2660 1031 2738 frugi
1060 2664 1115 2720 in
1136 2672 1371 2739 argento
1397 2680 1540 2740 puro
1561 2682 1594 2722 e
1645 2666 1901 2741 antiquo:
1938 2664 2141 2721 suntin
2167 2679 2272 2721 usu

304 2754 362 2805 et
395 2741 708 2822 Corinthia,
762 2745 961 2821 quibus
1002 2745 1314 2805 delectatur
1340 2764 1448 2804 nec
1477 2746 1745 2806 adficitur.
1796 2745 2146 2824 Frequenter
2175 2754 2361 2808 (ιο-30

302 2828 516 2887 moedis
550 2846 688 2888 cena
731 2829 1114 2905 distinguitur,
1169 2838 1229 2888 ut
1268 2829 1589 2908 voluptates
1634 2848 1858 2909 quoque
1901 2829 2097 2889 studiis
2139 2845 2275 2888 con·

304 2910 535 2970 diantur.
576 2913 750 2972 Sumit
780 2912 987 2990 aliquid
1016 2912 1087 2973 de
1116 2923 1285 2973 nocte
1319 2923 1376 2974 et
1404 2932 1469 2972 ae
1504 2923 1644 2973 tate:
1674 2915 1878 2973 nemini
1905 2913 2016 2973 boc
2043 2912 2276 2989 longum

223 3006 289 3057 10
305 3006 423 3063 est;
453 3004 599 3055 tanta
624 2999 882 3056 comitate
912 2998 1224 3055 convivium
1251 2933 1674 3139 trahiturklnde
1705 2996 1786 3056 illi
1814 3006 1946 3076 post
1976 2998 2277 3074 septimum

305 3089 362 3138 et
391 3083 898 3156 septuagensimum
921 3098 1117 3139 annum
1140 3082 1351 3139 aurium
1378 3080 1507 3139 ocul
1549 3099 1665 3140 rum
1688 3083 1852 3157 vigor
1872 3082 2114 3157 integer,
2142 3078 2275 3140 inde

220 3172 285 3223 11
308 3161 456 3238 agile
487 3172 545 3222 et
571 3163 813 3223 vividum
840 3182 1045 3243 corpus
1074 3163 1310 3240 solaque
1338 3182 1411 3222 ex
1436 3174 1733 3224 senectute
1763 3163 2069 3241 prudentia.
2115 3162 2273 3223 Hanc
2288 3175 2359 3228 35

304 3261 415 3322 ego
446 3248 614 3305 vitam
640 3257 776 3307 voto
805 3256 862 3306 et
893 3250 1233 3324 cogitatione
1264 3264 1593 3323 praesum0,
1635 3249 1991 3323 ingressurus
2019 3247 2274 3307 avidissi-

303 3347 415 3405 me,
445 3340 505 3389 ut
535 3332 769 3407 primum
791 3331 931 3389 ratio
953 3333 1147 3390 aetatis
1168 3332 1428 3406 receptui
1451 3348 1652 3390 canere
1675 3333 2008 3409 permiserit.
2046 3329 2276 3389 Interim

304 3413 456 3474 mille
488 3414 771 3475 laboribus
801 3421 1096 3491 conteror,
1138 3430 1372 3492 quorum
1411 3413 1540 3472 mibi
1572 3423 1630 3473 et
1667 3412 1938 3473 solacium
1980 3424 2038 3475 et
2080 3432 2273 3476 exem-

2421 3767 2459 3843 i
