2467 3850
633 210 1151 273 EPISTULARUM
1176 211 1275 273 vl.
1319 221 1373 276 3.
1404 221 1456 276 4.
1480 225 1531 276 5.
1553 223 1604 278 6.
2015 216 2134 280 111

137 385 270 445 gem
311 364 464 425 adici
499 371 591 441 ut,
648 367 793 425 sicut
826 368 1253 427 accusatoribus
1289 365 1604 445 inquirendi
1641 367 1997 446 testibusque
2038 369 2136 429 de·

136 448 426 511 nuntiandi
470 458 729 527 potestas
770 467 846 509 ex
884 468 952 510 ea
993 449 1129 527 lege
1170 460 1362 528 esset,
1414 453 1490 510 ita
1525 452 1641 510 reis
1684 468 1910 529 quoque
1955 452 2134 513 lieret.

143 535 394 594 Fuerunt
437 532 642 610 quibus
684 532 827 593 haec
880 537 1003 593 eius
1044 535 1222 594 oratio
1264 543 1325 593 ut
1367 552 1499 595 sera
1540 544 1598 594 et
1638 535 2033 612 intempestiva
2074 547 2133 597 et
2152 549 2187 601 3

145 625 520 696 praepostera
553 615 918 694 displiceret,
964 635 1108 696 quae
1149 619 1359 677 omisso
1401 628 1596 677 contra
1626 617 1846 677 dicendi
1875 629 2133 697 tempore

94 703 452 777 5castigaret
483 710 774 779 peractum
798 702 888 760 cui
918 703 1200 779 potuisset
1230 717 1553 762 occurrere.
1592 701 1879 763 luventius
1912 703 2189 781 quidem4

131 784 356 845 'Celsus
387 791 616 861 praetor
652 794 929 863 tamquam
958 784 1373 844 emendatorem
1406 794 1635 845 senatus
1663 795 1723 845 et
1750 786 1936 846 multis
1960 796 2017 846 et
2034 806 2133 847 ve-

145 870 444 929 hementer
470 869 769 944 increpuit.
813 867 1130 947 Respondit
1150 867 1371 947 Nepos,
1400 887 1707 947 rursusque
1731 867 1965 930 Celsus:
1997 890 2134 931 neu-

147 963 236 1012 ter
275 950 629 1011 contumeliis
670 955 1022 1029 temperavit.
1095 951 1244 1011 Nolo
1284 952 1501 1013 referre
1540 971 1685 1032 quae
1729 953 1840 1013 dici
1880 955 1952 1014 ab
1995 956 2134 1033 ipsis
2157 970 2188 1020 5

147 1036 393 1095 moleste
430 1034 558 1094 tuli:
602 1052 713 1112 quo
754 1038 931 1113 magis
962 1035 1233 1114 quosdam
1263 1055 1296 1095 e
1332 1053 1564 1096 numero
1594 1046 1790 1097 nostro
1819 1039 2135 1117 inprobavi,

69 1127 132 1179 10
149 1122 246 1199 qui
273 1117 440 1178 modo
476 1118 545 1177 ad
577 1117 806 1179 Celsum
834 1119 1002 1179 modo
1030 1119 1099 1178 ad
1127 1117 1444 1198 Nepotem,
1480 1129 1647 1198 prout
1681 1121 1772 1180 bic
1802 1120 1895 1179 vel
1928 1121 2027 1181 ille
2057 1123 2138 1183 di-

150 1212 345 1280 ceret,
377 1201 681 1280 cupiditate
713 1202 971 1262 audiendi
999 1204 1370 1281 cursitabant,
1413 1214 1471 1264 et
1512 1222 1659 1264 nunc
1695 1206 1854 1284 quasi
1893 1206 2138 1267 stimula-

147 1298 278 1348 rent
304 1296 364 1346 et
392 1285 806 1364 accenderent,
848 1305 995 1347 nunc
1024 1290 1182 1366 quasi
1209 1288 1646 1348 reconciliarent
1673 1307 1741 1348 ac
1762 1305 2135 1368 recompone-

149 1382 326 1448 rent,
356 1370 704 1448 frequentius
735 1369 1001 1448 singulis,
1031 1372 1305 1432 ambobus
1341 1371 1615 1432 interdum
1652 1376 1954 1451 propitium
1994 1371 2135 1434 Gae-

152 1473 368 1530 sarem,
411 1463 472 1513 ut
512 1455 569 1512 in
605 1453 821 1515 ludicro
865 1454 1086 1533 aliquo,
1130 1457 1519 1534 precabantur.
1575 1455 1710 1515 Mihi
1746 1457 1971 1535 quidem
2002 1457 2187 1522 illud6

74 1553 136 1604 15
154 1542 324 1599 etiam
361 1538 729 1616 peracerbum
761 1538 863 1599 l'uit
890 1536 1040 1618 quod
1078 1548 1205 1599 sunt
1232 1538 1376 1600 alter
1408 1540 1568 1599 alteri
1600 1540 1732 1618 quid
1764 1552 2025 1619 pararent
2055 1544 2136 1600 in-

154 1623 341 1681 dicati.
405 1620 546 1680 Nam
581 1630 640 1681 et
674 1620 879 1683 Celsus
922 1622 1133 1700 Nepoti
1171 1641 1247 1681 ex
1283 1622 1479 1683 libello
1519 1624 1813 1701 respondit
1855 1635 1913 1685 et
1960 1624 2134 1687 Celso

155 1705 355 1784 Nepos
396 1724 468 1765 ex
509 1705 897 1783 pugillaribus.
962 1705 1135 1765 Tanta
1165 1706 1475 1785 loquacitas
1519 1709 1821 1767 amicorum
1861 1718 1921 1768 ut
1963 1709 2135 1768 homi·
2155 1715 2188 1770 7

155 1809 261 1849 nes
293 1790 560 1866 iurgaturi
592 1788 647 1848 id
674 1791 859 1867 ipsum
885 1792 1125 1850 invicem
1155 1793 1418 1866 scierint,
1450 1800 1727 1869 tamquam
1756 1793 2135 1852 convenisset.

154 1873 318 1934 Vale.

75 1966 140 2017 ²⁰
1094 2009 1188 2069 v1.

689 2110 743 2161 C.
781 2111 1029 2163 PLINIUS
1060 2109 1357 2162 FUNDANO
1395 2109 1515 2162 SUO
1548 2109 1601 2161 S.

284 2210 608 2290 Siquando,
640 2229 787 2271 nunc
817 2215 1123 2291 praecipue
1155 2231 1425 2293 cuperem
1455 2230 1588 2273 esse
1618 2222 1677 2273 te
1706 2212 1939 2286 Romae,
1973 2221 2031 2271 et
2057 2211 2136 2271 sis
2156 2225 2186 2275 1

158 2313 325 2373 rogo.
371 2295 536 2374 Opus·
555 2303 645 2355 est
670 2296 804 2355 mibi
824 2298 942 2356 voti
967 2296 1174 2357 laboris
1204 2297 1599 2357 sollicitudinis
1628 2298 1810 2358 socio.
1866 2295 2010 2356 Petit
2037 2295 2136 2354 bo·

80 2391 143 2442 25
159 2398 330 2440 nores
358 2379 531 2439 lulius
555 2377 711 2439 Naso
728 2425 746 2456 ,
790 2382 933 2458 petit
963 2399 1089 2440 cum
1116 2381 1336 2458 multiS,
1368 2399 1495 2441 cum
1525 2381 1721 2458 bonis,
1752 2397 1898 2459 quos
1926 2388 1986 2439 ut
2014 2379 2137 2457 glo·

158 2467 371 2524 riosum
413 2466 497 2523 sic
539 2472 629 2522 est
670 2462 897 2523 difficile
941 2481 1232 2541 superare.
1297 2464 1523 2525 Pendeo
1571 2481 1710 2543 ergo
1762 2475 1820 2525 et
1865 2473 2190 2525 exerceor2

160 2566 304 2627 spe,
357 2545 588 2606 adficior
627 2556 813 2624 metu,
861 2554 918 2605 et
948 2566 1039 2607 me
1069 2547 1424 2608 consularem
1450 2567 1584 2609 esse
1615 2565 1727 2608 non
1760 2551 1972 2608 sentio:
2014 2564 2136 2605 nam

158 2649 357 2691 rursus
384 2630 516 2689 mihi
542 2630 742 2689 videor
768 2633 1006 2690 omnium
1035 2650 1179 2711 quae
1211 2632 1506 2692 decucurri
1548 2631 1891 2692 candidatus.
1952 2629 2137 2689 Mere-
2154 2638 2190 2691 3

23 2718 31 2773 l
161 2726 253 2776 tur
280 2713 423 2774 hanc
456 2732 644 2774 curam
671 2713 841 2792 longa
867 2716 976 2775 mei
1007 2718 1256 2776 caritate.
1298 2715 1402 2777 Est
1431 2716 1560 2775 mihi
1591 2733 1717 2775 cum
1746 2714 1846 2774 illo
1868 2731 1980 2772 non
2001 2730 2139 2773 sane

83 2807 399 2876 30paterna
438 2799 704 2867 amicitia;
746 2817 930 2877 neque
973 2801 1118 2861 enim
1161 2819 1294 2861 esse
1326 2801 1506 2877 potuit
1538 2817 1643 2877 per
1667 2816 1846 2859 meam
1871 2806 2137 2856 aetatem:

163 2881 385 2943 solebat
415 2890 598 2941 tamen
624 2880 849 2941 vixdum
871 2880 1294 2943 adulescentulo
1317 2883 1448 2942 mihi
1469 2892 1629 2962 pater
1652 2884 1771 2940 eius
1797 2897 1922 2939 cum
1943 2897 2142 2958 magna

162 2965 329 3026 laude
358 2967 666 3025 monstrari.
723 2964 858 3025 Erat
891 2983 1003 3026 non
1047 2964 1355 3027 studiorum
1380 2975 1586 3026 tantum
1612 2983 1805 3024 verum
1835 2966 1998 3024 etiam
2025 2973 2140 3024 stu-

164 3049 451 3110 diosorum
476 3051 915 3127 amantissimus,
965 3068 1034 3110 ac
1063 3067 1247 3129 prope
1288 3049 1494 3109 cotidie
1533 3049 1602 3109 ad
1627 3047 1967 3125 audiendos,
1999 3065 2141 3125 quos

166 3142 299 3193 tunc
342 3150 455 3210 ego
494 3132 948 3211 frequentabam,
1016 3132 1442 3209 Quintilianum,
1493 3132 1736 3192 Niceten
1777 3130 2142 3192 Sacerdotem

84 3226 148 3280 35
165 3218 494 3294 ventitabat,
516 3219 604 3276 vir
635 3216 842 3295 alioqui
876 3217 1056 3278 clarus
1092 3226 1150 3276 et
1178 3219 1364 3294 gravis
1386 3225 1446 3277 et
1472 3218 1566 3295 qui
1593 3215 1868 3295 prodesse
1891 3216 2006 3275 filio
2027 3233 2143 3274 me·

164 3303 341 3361 moria
370 3304 458 3360 sui
486 3300 707 3361 debeat.
754 3302 869 3361 Sed
895 3300 1052 3362 multi
1079 3320 1227 3361 nunc
1254 3303 1309 3360 in
1338 3309 1531 3360 senatu
1553 3301 1753 3379 quibus
1775 3301 2000 3377 ignotus
2019 3298 2139 3376 ille,
2158 3306 2194 3358 4

161 3385 322 3447 multi
355 3385 556 3463 quibus
588 3394 753 3446 notus
770 3431 789 3463 ,
832 3384 934 3444 sed
961 3402 1072 3445 non
1092 3387 1199 3444 nisi
1224 3387 1482 3444 viventes
1508 3393 1866 3445 reverentur:
1897 3400 2008 3461 quo
2029 3399 2142 3441 ma-

163 3474 255 3551 gis
300 3469 433 3531 huic
471 3472 678 3530 omissa
717 3469 896 3548 gloria
937 3471 1145 3549 patris,
1195 3469 1253 3530 in
1298 3487 1405 3548 qua
1443 3486 1701 3548 magnum
1745 3474 2142 3540 ornamentum,
