2467 3850
316 166 394 230 78
1154 160 1223 223 C.
1267 159 1461 222 PLINI

309 316 450 376 Nam
492 318 539 375 si
580 315 691 376 hoc
731 314 1070 394 opusculum
1107 324 1361 375 nostrum
1400 324 1493 374 aut
1522 313 1876 392 potissimum
1898 320 2061 372 esset
2087 321 2184 371 aut
2214 328 2303 372 so-

310 401 446 476 lum,
480 400 724 460 fortasse
760 409 961 478 posset
995 399 1192 459 durum
1219 399 1401 458 videri
1433 399 1629 459 dicere
1663 403 1900 475 ‘quaere
1931 395 2080 474 quod
2114 400 2311 473 agas't

309 485 482 544 molle
517 494 576 544 et
606 485 901 544 humanum
929 494 1020 544 est
1044 484 1245 545 ‘babes
1278 483 1429 561 quod
1456 488 1639 560 agas.’
1701 481 1863 542 Vale.
2292 487 2300 495 ’

1246 617 1372 677 XV.

851 717 904 770 e.
945 715 1196 767 PLINIUS
1231 714 1533 767 FuNoANo
1570 713 1689 765 suo
1716 712 1771 766 S.
2324 653 2358 705 ⁵

261 834 292 884 1
437 819 500 878 Si
541 820 674 898 quid
719 822 974 897 omnino,
1027 819 1141 879 hoc
1186 829 1345 879 certe
1388 817 1600 877 iudicio
1655 816 1805 876 facio
1854 813 2007 893 quod
2046 815 2312 875 Asinium

312 902 517 962 Rufum
554 903 914 981 singulariter
945 921 1089 964 amo.
1130 902 1237 963 Est
1265 902 1435 963 homo
1467 901 1704 961 eximius
1736 909 1793 960 et
1820 900 2096 959 bonorum
2123 916 2310 963 amane

311 991 581 1049 tissimus.
648 986 763 1049 Cur
809 991 955 1048 enim
998 1006 1110 1048 non
1150 1005 1241 1046 me
1285 1003 1517 1065 quoque
1561 987 1707 1044 inter
1742 984 1925 1045 bonos
1972 979 2311 1043 numerem?

313 1072 470 1132 Idem
501 1070 826 1132 Cornelium
859 1071 1111 1133 Tacitum
1144 1073 1287 1152 (scis
1330 1088 1501 1149 quem
1539 1067 1751 1146 virum)
1787 1078 1905 1128 arta
1935 1066 2310 1128 familiaritate
2330 1080 2398 1132 lo

262 1172 297 1224 2
317 1156 630 1235 conplexus
667 1166 775 1217 est.
820 1156 1062 1215 Proinde
1093 1158 1142 1217 si
1167 1165 1463 1233 utrumque
1492 1162 1744 1213 nostrum
1774 1152 2018 1230 probas,
2051 1152 2121 1212 de
2157 1149 2310 1210 Rufo

313 1258 541 1319 quoque
574 1259 819 1320 necesse
852 1250 943 1301 est
974 1240 1124 1299 idem
1145 1242 1378 1316 sentias,
1410 1257 1537 1299 cum
1566 1240 1637 1297 sit
1667 1236 1736 1297 ad
1766 1235 2146 1297 conectendas
2174 1238 2310 1294 ami·

262 1339 296 1391 3
317 1327 476 1385 citias
518 1324 613 1384 vel
661 1327 1079 1396 tenacissimum
1119 1323 1407 1384 vinculum
1438 1340 1653 1382 morum
1693 1320 2020 1383 similitudo.
2084 1320 2225 1378 Sunt
2251 1321 2309 1379 ei

312 1407 478 1469 liberi
517 1409 728 1487 plures.
786 1408 927 1468 Nam
955 1411 1012 1469 in
1038 1409 1150 1469 hoc
1183 1425 1412 1487 quoque
1448 1408 1671 1467 functus
1702 1416 1793 1466 est
1824 1407 2021 1484 optimi
2054 1406 2193 1464 civis
2221 1403 2308 1463 of-

314 1494 470 1569 ficio,
503 1494 653 1571 quod
681 1493 1024 1554 fecunditate
1056 1494 1246 1553 uxoris
1279 1491 1439 1570 large
1472 1492 1581 1551 frui
1607 1490 1787 1550 voluit
1816 1508 1888 1550 eo
1924 1487 2157 1550 saeculo
2193 1505 2309 1565 quo
2330 1493 2396 1544 15

313 1576 606 1657 plerisque
636 1580 802 1637 etiam
824 1577 1081 1654 singulos
1111 1577 1257 1638 filios
1286 1578 1542 1637 orbitatis
1564 1576 1815 1654 praemia
1836 1592 2041 1651 graves
2067 1573 2311 1640 faciunt3

316 1661 518 1739 quibus
548 1660 646 1721 ille
676 1662 971 1740 despectis
1010 1664 1099 1721 avi
1131 1678 1360 1741 quoque
1401 1678 1606 1720 nomen
1638 1659 1967 1736 adsumpsit.
2027 1656 2134 1717 Est
2161 1658 2317 1718 enim

314 1764 484 1822 avus,
510 1755 571 1805 et
598 1746 826 1824 quidem
853 1765 930 1805 ex
957 1747 1179 1807 Saturio
1208 1746 1431 1822 Firmo,
1465 1763 1633 1822 quem
1662 1743 1870 1820 diliges
1900 1752 1959 1802 ut
1988 1758 2130 1819 egn,
2160 1744 2212 1801 si
2247 1749 2314 1799 ut

264 1841 301 1895 4
319 1835 432 1908 ego
462 1832 698 1909 propius
726 1832 1067 1909 inspexeris.
1137 1830 1294 1890 Haec
1324 1848 1397 1890 eo
1426 1831 1709 1908 pertinent
1749 1836 1810 1886 ut
1840 1829 1989 1887 scias
2018 1844 2181 1903 quam
2211 1841 2310 1883 co-

318 1918 567 1994 piosam,
611 1934 776 1994 quam
816 1934 1170 1976 numerosam
1203 1914 1425 1975 domum
1464 1932 1576 1975 uno
1607 1912 1891 1973 beneficio
1920 1912 2001 1972 sis
2030 1908 2397 1988 obligatu-20

318 2018 445 2067 rus;
498 1999 567 2059 ad
610 1999 761 2076 quod
800 1999 1106 2077 petendum
1144 2008 1283 2059 voto
1333 2002 1600 2077 primum,
1652 1996 1855 2056 deinde
1888 1997 2038 2056 bono
2070 1994 2339 2073 quodam.

267 2096 300 2146 5
321 2086 506 2143 omine
547 2082 890 2142 adducimur.
958 2083 1227 2161 Optamus
1259 2086 1404 2142 enim
1438 2083 1539 2142 tibi
1570 2084 1990 2158 ominamurque
2021 2081 2078 2139 in
2116 2081 2312 2158 proxi-

319 2185 469 2225 mum
496 2184 696 2225 annum
725 2165 1093 2226 consulatum.
1129 2166 1212 2226 Ita
1231 2185 1338 2228 nos
1365 2169 1605 2227 virtutes
1637 2175 1788 2242 tuae,
1820 2168 1894 2224 ita
1924 2164 2130 2224 iudicia
2157 2165 2310 2241 prin·

267 2260 302 2313 6
323 2252 468 2327 cipis
503 2252 762 2325 augurari
785 2249 997 2308 volunt.
1043 2248 1344 2311 Concurrit
1364 2261 1550 2311 autem
1570 2261 1631 2311 nt
1653 2253 1726 2310 sit
1747 2249 1947 2309 eodem
1971 2265 2114 2307 anno
2137 2265 2313 2326 quae-

322 2343 445 2393 stor
472 2335 739 2392 maximus
776 2352 849 2392 ex
877 2333 1072 2393 liberis
1100 2334 1227 2394 Rufi
1246 2382 1263 2413 ‚
1293 2336 1523 2396 Asinius
1552 2335 1796 2412 Bassus,
1828 2335 2044 2393 iuvenis
2079 2332 2398 2410 (nescio25

317 2434 389 2476 an
417 2415 595 2475 dicam
627 2416 779 2494 quod
807 2435 898 2475 me
927 2427 1087 2495 pater
1115 2430 1173 2480 et
1205 2421 1415 2480 sentire
1452 2429 1511 2480 et
1542 2420 1734 2480 dicere
1767 2420 1943 2496 cupit,
1972 2415 2314 2477 adulescen-

269 2503 392 2565 7tis
433 2501 778 2560 verecundia
819 2503 1003 2580 vetat)
1047 2505 1176 2581 ipso
1215 2514 1376 2584 patre
1418 2504 1640 2564 melior.
1684 2501 1935 2563 Difficile
1968 2510 2058 2562 est
2084 2509 2144 2560 ut
2175 2500 2316 2559 mihi

319 2584 390 2644 de
420 2584 655 2644 absente
701 2586 936 2664 credas,
978 2605 1306 2667 quamquam
1353 2588 1590 2648 credere
1629 2586 1787 2648 soles
1831 2588 2045 2662 omnia,
2100 2593 2316 2644 tantum

321 2670 376 2728 in
399 2669 495 2729 illo
520 2668 847 2748 industriae,
873 2672 1192 2751 probitatis,
1225 2673 1580 2751 eruditionis,
1612 2673 1846 2749 ingenii,
1876 2670 2066 2745 studii,
2099 2686 2316 2729 memo·

269 2755 434 2815 8riae
476 2754 721 2833 denique
763 2775 936 2833 esse,
987 2765 1249 2833 quantum
1296 2766 1566 2836 expertus
1606 2756 1884 2816 invenies.
1945 2753 2172 2813 Vellem
2199 2762 2404 2818 tamao

321 2836 480 2896 ferax
508 2839 796 2899 saeculum
824 2840 988 2900 bonis
1016 2841 1227 2902 artibus
1256 2840 1592 2902 haberemus
1620 2850 1681 2900 ut
1704 2840 1924 2918 aliquos
1947 2839 2124 2899 Basso
2148 2855 2314 2916 prae·

321 2920 475 2980 ferre
510 2921 787 2984 deberes:
835 2933 949 2983 tum
980 2942 1093 3001 ego
1127 2934 1185 2984 te
1229 2926 1440 3003 primus
1479 2925 1735 2984 hortarer
1766 2939 2173 3000 moneremque
2205 2924 2317 2981 cir·

324 3005 635 3065 cumferres
664 3006 865 3068 oculos
898 3025 966 3067 ac
997 3008 1089 3067 diu
1118 3011 1435 3088 pensitares
1466 3026 1633 3087 quem
1660 3010 2012 3087 potissimum
2039 3005 2313 3082 eligeres,

271 3086 486 3152 9Nunc
511 3105 651 3148 vero
685 3124 766 3135 —
794 3091 898 3151 sed
928 3092 1063 3151 nihil
1088 3092 1227 3152 volo
1258 3092 1328 3152 de
1348 3095 1528 3152 amico
1550 3110 1680 3152 meo
1703 3092 2060 3169 adrogantius
2091 3090 2314 3167 dicere,
2368 3162 2375 3166 ,

321 3171 432 3231 hoc
466 3171 647 3232 solum
679 3173 808 3234 dico
840 3175 1065 3252 dignum
1106 3195 1241 3237 esse
1284 3179 1543 3237 iuvenem
1571 3195 1738 3254 quem
1771 3194 1928 3236 more
1954 3176 2225 3234 maiorum
2257 3175 2315 3233 in
2331 3184 2403 3237 35

240 3269 306 3320 10
324 3254 420 3314 filii
452 3255 639 3316 locum
670 3257 944 3320 adsumas.
1005 3259 1234 3320 Debent
1261 3269 1447 3319 autem
1478 3263 1765 3338 sapientes
1788 3261 1928 3335 viri,
1964 3269 2026 3320 ut
2055 3268 2137 3335 tu,
2163 3257 2313 3317 tales

324 3341 481 3418 quasi
520 3339 733 3401 liberos
775 3359 807 3400 a
848 3361 912 3401 re
955 3342 1179 3420 publica
1219 3346 1484 3422 accipere
1520 3345 1719 3422 quales
1758 3363 1790 3404 a
1821 3354 2017 3404 natura
2054 3341 2310 3403 solemus

324 3433 537 3502 optare.
617 3423 878 3486 Decorus
922 3429 1028 3486 erit
1078 3427 1176 3487 tibi
1220 3427 1439 3489 consuli
1484 3439 1751 3506 quaestor
1794 3438 1952 3510 patre
1998 3428 2315 3507 praetorio,
