2467 3850
754 162 1276 227 PANEGYRICUS
1319 176 1404 231 66.
1421 175 1506 231 67.
1522 178 1608 232 68.
2048 169 2169 234 281

176 326 306 393 stu,
337 318 481 376 'toto
522 314 763 393 denique
802 335 1046 397 corpore
1091 318 1263 378 fides!
1324 317 1564 381 Tenebit
1608 338 1750 396 ergo
1779 340 2007 400 semper
2038 325 2170 401 quid

174 401 457 476 suaserit,
501 401 763 476 scietque
794 419 932 479 noS,
977 404 1236 480 quotiens
1270 402 1584 463 libertatem
1616 422 1777 481 quam
1808 405 1962 464 dedit
1992 412 2168 485 expe·

173 487 420 559 riemur,
469 483 577 543 sibi
612 500 833 560 parere.
879 484 1338 545 Necverendum
1367 496 1456 545 est
1483 506 1554 546 ne
1589 489 1841 548 incautos
1876 498 2065 567 putet,
2118 494 2168 550 si

176 567 451 627 fidelitate
480 575 796 644 temporum
824 578 1145 629 constanter
1174 573 1419 645 utamur,
1451 586 1594 647 quos
1628 574 1872 631 meminit
1895 574 1998 632 sub
2020 574 2166 633 malo

123 653 437 729 5principe
471 648 636 709 aliter
660 653 893 712 vixisse.
955 651 1296 730 Nuncupare
1333 662 1465 713 vota
1494 663 1551 713 et
1579 670 1684 730 pro
1713 659 2040 716 aeternitate
2067 660 2165 715 im·

174 735 327 811 perii
367 741 424 792 et
467 750 573 810 pro
605 733 795 795 salute
825 738 1137 814 principum
1156 781 1172 812 ,
1216 738 1382 795 immo
1418 754 1519 814 pro
1550 737 1731 799 salute
1761 741 2075 817 principum
2099 759 2165 800 ac

174 826 431 897 propter·
449 816 579 877 illos
607 834 714 895 pro
747 822 1076 879 aeternitate
1107 821 1325 897 imperii
1356 819 1700 885 solebamus.
1749 819 1904 883 Haec
1933 841 2037 901 pro
2066 826 2164 882 im-

173 903 343 980 perio
387 909 581 959 nostro
623 903 679 960 in
725 920 867 980 quae
909 905 1019 963 sint
1060 904 1234 962 verba
1266 913 1534 982 suscepta
1563 921 1772 983 operae
1801 908 2044 984 pretium
2076 917 2166 967 est

173 985 445 1044 adnotare
490 983 565 1043 ‘'si
604 984 753 1049 bene
795 1005 914 1050 rem
942 986 1225 1066 publicam
1255 997 1315 1046 et
1345 1005 1418 1046 ex
1444 987 1680 1048 utilitate
1714 993 1953 1052 omnium
1981 1009 2164 1051 rexe-

85 1080 158 1131 lo
177 1071 317 1128 ris'.
362 1067 543 1145 Digna
572 1078 702 1128 vota
732 1088 877 1147 quae
904 1088 1132 1149 semper
1160 1072 1538 1149 suscipiantur
1563 1091 1907 1151 semperque
1937 1074 2159 1134 solvan·

175 1162 286 1212 tur.
338 1149 471 1228 Egit
504 1165 628 1212 cum
658 1153 765 1213 diis
796 1155 921 1232 ipso
953 1164 1010 1214 te
1041 1163 1309 1230 auctore,
1354 1152 1597 1232 Caesar,
1639 1175 1735 1218 res
1763 1157 1990 1236 publica
2020 1168 2079 1218 ut
2105 1166 2164 1218 te

175 1237 454 1314 sospitem
492 1234 944 1316 incolumemque
975 1246 1360 1317 praestarent,
1412 1240 1461 1300 si
1502 1248 1560 1298 tu
1593 1250 1823 1301 ceteros
1852 1235 2164 1319 praestitis-

175 1337 307 1387 ses;
349 1322 397 1379 si
430 1329 656 1397 contra,
701 1320 783 1380 illi
814 1340 1039 1399 quoque
1068 1340 1100 1381 a
1132 1322 1386 1381 custodia
1416 1324 1494 1382 tui
1524 1326 1730 1401 capitis„
1756 1325 1956 1385 oculos
1986 1325 2162 1385 dimo·

173 1412 375 1462 verent
405 1412 577 1480 teque
607 1402 989 1482 relinquerent
1019 1407 1164 1465 votis
1200 1423 1342 1483 quae
1373 1424 1484 1465 non
1514 1406 1695 1483 palam
1722 1411 2163 1488 susciperentur.

85 1497 158 1550 15
179 1486 288 1545 Alii
318 1504 384 1546 se
414 1490 748 1564 superstites
775 1490 861 1547 rei
890 1488 1155 1566 publicae
1187 1490 1451 1567 optabant
1480 1490 1907 1571 faciebantque:
1946 1493 2046 1552 tibi
2077 1511 2162 1553 sa-

174 1570 267 1629 lus
298 1575 389 1632 tua
422 1572 597 1630 invisa
621 1579 742 1648 est,
777 1573 824 1631 si
856 1588 966 1630 non
997 1574 1070 1632 sit
1095 1589 1219 1630 cum
1247 1574 1330 1630 rei
1351 1571 1611 1649 publicae
1636 1574 1817 1635 salute
1848 1578 2162 1637 coniuncta.

172 1652 327 1713 Nihil
359 1672 463 1732 pro
492 1664 549 1713 te
578 1655 793 1733 pateris
824 1657 1037 1732 optari,
1067 1656 1173 1713 nisi
1202 1653 1464 1731 expediat
1496 1658 1813 1733 optantibus
1831 1705 1848 1735 ,
1878 1661 2162 1720 omnihus-

173 1756 288 1815 que
318 1740 474 1798 annis
503 1741 560 1797 in
589 1738 883 1797 consilium
912 1738 982 1797 de
1013 1747 1070 1797 te
1100 1737 1240 1798 deos
1269 1739 1470 1813 mittis,
1515 1742 1813 1817 exigisque
1848 1752 1909 1801 ut
1938 1752 2165 1802 senten-

170 1822 306 1880 tiam
333 1841 485 1881 suam
516 1830 759 1899 mutent,
793 1824 842 1883 si
873 1822 999 1881 talis
1030 1839 1162 1882 esse
1193 1820 1432 1881 desieris
1458 1821 1636 1899 qualis
1666 1823 1887 1885 electus
1919 1844 1999 1884 es.
2051 1826 2168 1884 Sed

79 1915 155 1968 20
175 1907 392 1982 ingenti
424 1908 812 1982 conscientia,
840 1904 1084 1982 Caesar,
1115 1906 1428 1985 pacisceris
1461 1924 1586 1965 cum
1616 1906 1720 1966 diis
1751 1916 1810 1966 ut
1844 1915 1934 1984 te,
1972 1910 2020 1967 si
2049 1926 2166 1968 me-

168 1990 426 2064 reberis,
460 1998 723 2066 servent,
762 2007 885 2048 cum
918 1992 1067 2050 scias
1097 2008 1166 2048 an
1193 1990 1460 2049 merearis
1489 1993 1766 2050 neminem
1794 1994 1971 2067 magis
2002 2009 2166 2068 quam

170 2073 318 2132 deos
359 2074 530 2131 scire.
596 2072 797 2132 Nonne
833 2074 1032 2149 vobis,
1083 2082 1274 2151 patres
1306 2075 1646 2151 conscripti,
1692 2074 1837 2133 haec
1865 2075 2062 2133 diebus
2097 2092 2165 2133 ac

166 2155 436 2216 noctibus
464 2156 677 2231 agitare
710 2175 904 2215 secum
934 2153 1194 2217 videtur?
1237 2162 1376 2233 ‘ego
1409 2156 1629 2235 quidem
1661 2159 1715 2216 in
1742 2176 1864 2235 me,
1910 2160 1958 2218 si
1995 2160 2165 2216 omni-

168 2255 267 2298 um
305 2237 513 2299 utilitas
555 2241 629 2298 ita
669 2248 975 2321 posceret,
1029 2241 1195 2300 etiam
1224 2240 1500 2317 praefecti
1528 2259 1747 2303 manum
1776 2244 2010 2303 armavi:
2061 2241 2166 2301 sed

78 2336 151 2388 25
170 2342 246 2382 ne
277 2322 507 2382 deorum
539 2323 762 2400 quidem
788 2334 878 2384 aut
900 2325 1034 2383 iram
1056 2333 1147 2383 aut
1169 2323 1587 2401 neglegentiam
1611 2325 1920 2402 deprecor;
1951 2342 2162 2405 quaeso

171 2409 339 2466 immo
379 2416 437 2466 et
483 2408 741 2467 obtestor
776 2427 850 2467 ne
890 2426 1145 2486 umquam
1185 2426 1289 2487 pro
1329 2427 1419 2467 me
1449 2417 1580 2468 vota
1613 2427 1709 2481 res,
1742 2410 1966 2488 publica
1996 2412 2165 2469 invita

173 2492 479 2567 suscipiat,
533 2500 626 2550 aut
668 2493 717 2551 si
753 2495 1072 2570 susceperit
1102 2494 1308 2569 invita,
1347 2510 1432 2551 ne
1461 2492 1710 2553 debeat'.
1778 2492 1951 2571 Capis
1998 2509 2159 2569 erg0,
2185 2502 2268 2565 68

177 2571 421 2648 Caesar,
454 2574 649 2634 salutis
678 2583 807 2635 tuae
843 2574 1309 2652 gloriosissimum
1338 2574 1577 2635 fructum
1609 2595 1683 2636 ex
1713 2595 1995 2636 consensu
2028 2575 2162 2634 deo-

174 2675 314 2715 rum.
369 2655 507 2716 Nam
544 2651 672 2717 cum
704 2660 956 2735 excipias
990 2667 1051 2717 ut
1081 2660 1154 2717 ita
1186 2658 1407 2718 demum
1434 2669 1492 2718 te
1523 2659 1594 2717 dii
1626 2669 1889 2735 servent,
1937 2661 1984 2717 si
2020 2658 2167 2716 hene

84 2753 159 2805 30
176 2759 292 2800 rem
321 2740 606 2818 publicam
630 2750 690 2801 et
719 2761 793 2801 ex
823 2741 1060 2802 utilitate
1085 2744 1325 2801 omnium
1342 2744 1568 2802 ‘rexeris
1585 2788 1602 2818 ,
1636 2750 1825 2801 certus
1848 2760 1912 2800 es
1939 2750 1996 2800 te
2020 2741 2167 2800 bene

175 2842 293 2882 rem
332 2824 615 2902 publicam
663 2844 904 2903 regere,
959 2844 1084 2885 cum
1125 2833 1373 2884 servent.
1449 2825 1646 2902 Itaque
1690 2843 1926 2884 securus
1968 2824 2069 2882 tibi
2111 2831 2169 2883 et

176 2908 356 2968 laetus
397 2908 519 2968 dies
565 2911 714 2986 exit,
762 2911 855 2988 qui
896 2911 1185 2988 principes
1226 2907 1368 2969 alios
1412 2926 1543 2968 cura
1573 2917 1632 2968 et
1662 2918 1814 2969 metu
1846 2907 2166 2984 distinebat,

178 3009 302 3051 cum
331 2995 596 3070 suspensi
627 3002 683 3052 et
705 2995 924 3053 attoniti
948 3010 1256 3073 parumque
1283 2992 1478 3052 confisi
1503 2993 1768 3068 patientia
1795 3000 2007 3066 nostra,
2038 2991 2168 3050 hinc

176 3085 342 3153 atque
371 3076 501 3135 inde
529 3076 794 3155 publicae
825 3078 1112 3137 servitutis
1135 3078 1360 3136 nuntios
1384 3084 1772 3152 expectarent.
1824 3076 1915 3134 Ac
1946 3075 1992 3133 si
2022 3074 2167 3135 forte

83 3168 157 3222 35
177 3158 393 3238 aliquos
419 3160 642 3219 flumina
669 3164 828 3220 nives
853 3164 1006 3221 venti
1038 3159 1502 3239 praepedissent,
1535 3161 1719 3218 statim
1742 3159 1853 3219 hoc
1875 3157 2012 3218 illud
2035 3176 2167 3219 esse

179 3243 482 3303 credebant
518 3245 669 3322 quod
691 3246 1075 3312 merebantur;
1108 3263 1216 3303 nec
1250 3253 1368 3303 erat
1393 3243 1692 3303 discrimen
1720 3242 1892 3302 ullum
1915 3245 2166 3320 pavoris,

174 3335 478 3405 propterea
508 3328 696 3407 quod,
744 3347 871 3389 cum
916 3347 948 3388 a
990 3327 1137 3388 malo
1169 3330 1428 3408 principe
1459 3337 1733 3405 tamquam
1762 3342 2072 3387 successor
2102 3327 2169 3384 ti·

176 3418 389 3470 meatur
412 3414 667 3492 quisquis
698 3422 788 3473 est
814 3413 1069 3490 dignior,
1102 3430 1230 3473 cum
1259 3414 1333 3472 sit
1355 3426 1522 3475 nemo
1551 3429 1664 3472 non
1691 3410 1942 3490 dignior,
1975 3425 2169 3467 omues
