2467 3850
241 216 301 255 tv
1035 209 1495 261 PRAEFATIO.

243 371 395 417 turam
418 368 466 417 31
486 362 692 418 formam
710 363 819 420 libri
838 364 982 419 talem
1002 380 1107 420 3333
1126 365 1421 430 iudicabam,
1457 366 1645 437 qualem
1667 366 1818 422 alias
1804 383 1853 422 m
1874 367 2120 424 codicibus
2148 370 2166 401 ³
2182 367 2229 426 S.
2248 369 2335 425 Na·

240 448 352 501 zarii
386 447 436 501 in
473 445 718 503 Laurissa’
745 449 1001 504 observavi.
1064 464 1157 520 qua
1194 450 1244 503 in
1284 465 1337 503 re
1362 449 1455 503 nisi
1487 451 1613 505 oculi
1639 457 1688 504 et
1704 454 1934 507 memoria
1965 467 2044 507 133
2063 453 2332 518 fefellerunt,

237 546 350 586 eum
381 529 549 584 libiam
578 532 790 602 epistolas
792 550 878 586 aem
898 530 1010 587 Gaii
1030 530 1180 587 Plinii
1219 548 1362 604 quem
1396 518 1646 588 3311331133
1668 536 1893 590 3333313
1878 554 1927 590 13
1947 538 2229 592 monasterio
2246 537 2334 592 Na-

237 615 426 668 zariano
459 616 672 669 extitisse
713 617 962 686 catalogus
1008 616 1067 670 ab
1105 616 1293 687 Ange-lo
1335 616 1459 674 Maio
1505 618 1554 670 in
1582 618 1830 690 Spicilegii
1864 618 2067 675 Romani
2106 620 2332 675 volumine
2404 672 2412 681 ,

236 698 404 770 quinto
426 698 579 753 editus
600 715 647 769 p.
669 703 771 756 190
791 701 965 755 indicat
985 700 1148 754 11333
1134 715 1293 769 1psum
1312 699 1633 757 Florentinum
1655 702 1871 757 codicem
1895 719 2000 758 esse
2021 704 2164 758 dicas.
2225 720 2332 759 con-

236 783 361 836 tinet
382 787 541 836 autem
562 790 675 853 post·
695 783 878 853 Apuleii
901 782 1047 838 libros
1070 784 1277 837 minores
1297 784 1410 838 inde
1430 800 1457 838 3
1478 784 1513 839 f.
1547 788 1613 841 41
1650 784 1789 840 Plinii
1818 787 2128 857 epistularum
2159 795 2332 857 partem

235 880 342 920 eam
369 881 511 936 quam
531 867 581 920 in
608 866 864 938 archetypo
883 866 1026 921 huius
1046 868 1105 920 st·
1094 868 1206 936 rpis
1234 867 1383 922 fuisse
1414 867 1529 923 dixi.
1593 885 1704 923 nam
1729 886 1850 940 quae
1882 876 1991 941 post
2031 877 2212 925 sextam
2233 871 2335 927 libri

237 950 388 1045 quinti
409 949 661 1020 epistulam
683 952 839 1006 addita
863 960 1000 1014 sunt,
1037 951 1242 1020 epistula
1262 952 1463 1021 septima
1484 956 1533 1005 et
1554 960 1749 1007 octavae
1768 968 1877 1024 pars
1896 970 2047 1025 usque
2067 955 2126 1009 ad
2152 959 2183 1019 S
2205 958 2237 1011 4
2255 972 2331 1009 cu-

233 1035 378 1097 ηὀεἰ,
426 1049 482 1087 33
515 1037 780 1089 recentiore
805 1049 948 1089 manu
985 1034 1176 1089 saeculo
1197 1036 1362 1106 quinto
1400 1035 1586 1091 decimo
1619 1038 1793 1108 scripta
1831 1046 1958 1093 sunt.
2017 1039 2196 1109 singuli
2232 1038 2335 1094 libri

235 1118 415 1173 maiore
434 1118 588 1187 spatio
609 1119 776 1174 relicto
804 1128 854 1173 et
874 1119 1132 1173 maioribus
1165 1120 1337 1173 litteris
1362 1120 1478 1174 satis
1508 1127 1671 1190 aperte
1702 1121 1912 1176 distincti
1943 1127 2083 1185 sunt,
2126 1123 2224 1192 ipsa
2265 1123 2336 1176 in-

231 1202 428 1272 scriptio
454 1208 615 1257 tamen
639 1207 688 1257 in
715 1203 819 1258 solo
852 1204 1061 1258 secundo
1093 1203 1214 1257 libro
1235 1203 1393 1258 addita
1415 1210 1514 1266 331,
1564 1205 1614 1258 13
1646 1205 1838 1275 reliquis
1872 1206 1917 1259 ei
1943 1206 2021 1260 cui
2049 1206 2336 1260 rubricarum

233 1301 346 1341 cura
377 1286 596 1340 mandata
630 1294 732 1340 erat
757 1288 938 1342 relicta.
1001 1293 1214 1341 ceterum
1242 1294 1352 1341 ante
1382 1301 1463 1341 me
1481 1285 1746 1342 Fridericus
1767 1288 2146 1361 Lindenbrogius
2169 1289 2338 1344 librum

230 1377 529 1434 excusserat,
573 1370 805 1441 siquidem
835 1370 1042 1425 schedae
1061 1370 1523 1442 Lindenbrogianae,
1564 1370 1734 1441 quibus
1756 1371 1948 1426 Cottius
1974 1389 2090 1427 usus
2127 1379 2225 1436 331,
2272 1374 2339 1427 113

231 1469 343 1509 3313
378 1453 520 1508 113133
553 1455 733 1510 codicis
765 1456 1013 1525 scripturis
1044 1455 1349 1508 consentiunt
1382 1462 1438 1509 ut
1476 1470 1576 1508 non
1607 1453 1819 1509 dubitem
1841 1457 1954 1526 quin
1998 1471 2060 1510 ex
2098 1456 2193 1511 hoc
2232 1457 2337 1525 ipso

230 1545 483 1607 excerptae
524 1539 647 1602 sint,
690 1540 968 1608 praesertim
999 1553 1111 1592 3331
1135 1537 1543 1609 Lindenbrogium
1568 1535 1834 1593 Florentiae
1859 1539 2122 1594 Marcianos
2151 1540 2340 1594 codices

229 1636 484 1691 usurpasse
514 1628 716 1677 constet.
758 1631 946 1692 praeter
969 1622 1099 1676 hunc
1120 1621 1336 1676 codicem
1354 1630 1515 1676 autem
1547 1637 1698 1676 unum
1721 1624 1933 1678 eiusdem
1956 1624 2147 1694 generis
2168 1624 2340 1679 librum

229 1704 467 1760 Marciano
507 1707 819 1777 antiquiorem
854 1707 1068 1760 extitisse
1097 1706 1207 1759 novi
1248 1704 1608 1761 Riccardiauum
1623 1748 1637 1770 ,
1678 1722 1821 1777 quem
1854 1722 1880 1760 a
1905 1705 2047 1762 Gorio
2070 1706 2341 1762 Florentino

230 1790 457 1844 collatum
484 1789 649 1844 habuit
670 1790 876 1845 CortiuS.
919 1791 1021 1860 ipse
1042 1790 1166 1844 enim
1188 1789 1388 1854 librum,
1413 1805 1697 1861 quamquam
1720 1796 1769 1844 et
1791 1806 1819 1845 a
1838 1790 2001 1846 Lamio
2022 1791 2070 1845 in
2094 1791 2342 1863 ‘catalogo

228 1874 449 1929 codicum
470 1874 898 1945 manuscriptorum
920 1875 1003 1946 qui
1024 1874 1072 1929 in
1095 1874 1384 1929 bibliotheca
1397 1873 1703 1931 Riccardiana
1717 1874 1981 1930 Florentiae
2002 1874 2341 1940 asservantur’,

229 1958 422 2013 Liburni
456 1974 499 2015 a.
536 1962 671 2016 1756
704 1959 859 2023 edito,
908 1967 957 2014 et
995 1959 1043 2013 in
1083 1958 1241 2012 indice
1274 1974 1418 2013 manu
1460 1962 1637 2029 scripto
1666 1963 1761 2030 quo
1793 1975 1921 2013 nunc
1957 1959 2006 2013 iu
2033 1958 2345 2015 Riccardiana

226 2043 515 2098 bibliotheca
535 2048 736 2097 utuntur
755 2043 988 2097 indicatus
998 2049 1112 2106 erat,
1140 2043 1313 2097 frustra
1322 2042 1589 2097 Florentiae
1601 2042 1825 2112 333331νί.
1864 2043 2160 2098 indicabatur
2182 2050 2345 2098 autem

228 2126 397 2181 eodem
417 2141 617 2181 numero
640 2132 781 2195 atque
793 2124 930 2180 Plinii
941 2126 1166 2180 naturalis
1186 2125 1410 2180 historiae
1431 2125 1598 2186 codex,
1623 2130 1678 2177 ut-
1689 2125 1899 2179 nesciam
1919 2141 2036 2180 num
2058 2127 2119 2181 de
2139 2142 2343 2182 numero

227 2209 485 2263 erraverint
520 2209 554 2262 ii
585 2210 665 2279 qui
688 2208 868 2263 indices
889 2209 1223 2271 confecerunt,
1272 2223 1329 2261 an
1354 2207 1678 2278 compluribus
1711 2208 1999 2263 membranis
2022 2225 2144 2280 quos
2177 2210 2226 2264 in
2249 2210 2346 2265 fine

227 2294 330 2347 eius
350 2291 529 2346 codicis
547 2291 711 2346 1133333
733 2292 828 2348 vidi
850 2293 1047 2362 perditis
1068 2292 1299 2361 epistulae
1320 2291 1658 2345 interciderint.
1712 2298 1762 2345 et
1783 2292 1843 2347 de
1864 2300 2020 2347 aetate
2046 2294 2238 2364 quidem
2261 2309 2348 2347 33,

227 2375 348 2430 111313
368 2375 561 2430 Lamius
579 2376 771 2429 saeculo
794 2376 984 2430 circiter
1010 2391 1137 2430 nono
1159 2375 1235 2429 vel
1256 2374 1443 2429 decimo
1459 2420 1473 2442 ,
1524 2374 1806 2442 Dorvillius,
1841 2392 1869 2430 a
1898 2392 1993 2447 quo
2015 2377 2348 2431 commodatas
2401 2406 2406 2411 ·

229 2459 361 2514 Gorii
382 2458 581 2513 schedas
603 2467 849 2528 acceperat
870 2459 1084 2525 CortiuS‚
1128 2459 1253 2512 inter
1272 2458 1516 2514 saeculum
1537 2458 1773 2513 decimum
1796 2467 1845 2514 ct
1864 2460 2170 2515 undecimum
2192 2461 2349 2529 scrip-

224 2550 331 2597 tum
358 2557 462 2596 esse
482 2542 656 2597 librum
682 2542 811 2599 dicit.
855 2544 1117 2613 scripturae
1138 2550 1298 2596 autem
1320 2556 1376 2597 ea
1400 2547 1606 2596 3313313
1629 2542 1866 2599 Marciano
1903 2544 2068 2600 codice
2090 2545 2348 2598 consensio

226 2633 281 2680 ut
301 2633 383 2681 aut
401 2641 462 2679 ex
481 2626 652 2682 eodem
674 2627 892 2696 exemplo
915 2633 1169 2696 utrumque
1190 2625 1482 2696 descriptum
1518 2633 1601 2681 331
1626 2626 1990 2682 Β1333111133331
2022 2627 2217 2681 alterius
2239 2628 2353 2681 fon·

222 2725 324 2763 1331
345 2725 450 2764 3333
471 2717 709 2781 appareat.
753 2726 847 2781 qua
874 2712 921 2765 in
944 2726 996 2764 re
1021 2725 1118 2764 non
1138 2709 1608 2780 praetermittendum
1631 2719 1704 2764 331
1722 2712 1862 2782 quod,
1892 2725 2176 2782 quamquam
2204 2718 2353 2780 quat«

225 2801 338 2848 tuor
366 2800 553 2849 tantum
585 2793 893 2864 epistularum
928 2795 1033 2848 libri
1064 2809 1176 2848 3313
1208 2800 1343 2863 parte
1363 2795 1513 2866 quinti
1546 2795 1595 2850 13
1619 2795 1785 2849 3311133
1814 2795 1978 2864 scripti
2001 2801 2136 2848 erant
2156 2794 2353 2861 (minus

224 2883 444 2932 accurate
464 2879 592 2932 33131
614 2884 837 2948 quattuor
856 2878 1003 2933 libros
1025 2878 1140 2932 dicit
1150 2877 1385 2946 Lamius),
1408 2878 1553 2932 index
1572 2884 1730 2932 tamen
1746 2878 2070 2949 epistularum,
2098 2878 2178 2948 qui
2211 2878 2263 2931 in
2289 2892 2353 2932 33
2451 2907 2452 2910 ¹

224 2962 372 3016 fuisse
393 2961 564 3016 dicitur
579 3003 594 3026 ,
630 2963 676 3015 in
695 2977 789 3032 quo
812 2977 922 3016 cum
945 2961 1332 3031 inscriptionibus
1353 2961 1661 3032 epistularum
1682 2963 1833 3031 prima
1852 2962 2082 3032 cuiusque
2108 2961 2355 3031 epistulae
2392 3000 2396 3003 -
2451 2957 2452 3008 ἐ

225 3044 370 3104 verba
389 3044 594 3099 indicata
615 3052 786 3109 essent,
813 3046 872 3101 ad
893 3045 1036 3100 finem
1059 3046 1211 3116 quinti
1230 3045 1339 3101 libri
1360 3046 1594 3102 deductus
1615 3055 1730 3100 erat.
1768 3046 1893 3100 unde
1913 3046 2228 3116 intellegitur,
2254 3046 2357 3099 nisi
2451 3079 2452 3084 κ

224 3128 351 3182 sorte
385 3143 446 3186 ex
468 3128 573 3198 ipso
596 3128 904 3185 Riccardiauo
928 3131 1194 3185 universam
1213 3130 1413 3199 stirpem
1434 3135 1594 3183 natam
1614 3144 1721 3184 esse
1739 3129 1968 3198 suspicari
1987 3130 2240 3193 volumuS,
2287 3128 2354 3182 de

223 3227 320 3281 quo
335 3218 585 3282 propteroa
602 3212 730 3283 quod
751 3214 902 3268 oculis
921 3228 1149 3283 usurpare
1168 3212 1343 3268 librum
1363 3228 1462 3268 non
1480 3213 1639 3276 licuit,
1662 3212 1837 3267 certius
1857 3213 2001 3267 statui
2022 3212 2219 3283 nequit,
2245 3212 2355 3281 pri*
2451 3209 2452 3286 ᾖ

219 3296 425 3350 marium
446 3296 661 3351 codicem
682 3312 710 3351 a
732 3297 950 3370 diligenti
971 3297 1161 3352 librario
1183 3311 1462 3367 expressum
1483 3296 1599 3350 olim
1619 3297 1692 3350 vel
1729 3296 1937 3366 quinque
1974 3296 2121 3351 libros
2152 3297 2234 3351 vel
2272 3296 2355 3349 in·
2451 3291 2452 3354 Ξ

221 3385 416 3450 1331331
440 3380 747 3449 epistularum
778 3397 1028 3438 numerum
1065 3382 1380 3444 continuisse,
1429 3379 1598 3435 deinde
1641 3379 1914 3433 ultimarum
1957 3380 2356 3434 membranarum
2451 3419 2452 3422 ¹

222 3464 401 3524 iactura
422 3463 546 3521 facta
570 3465 632 3523 ad
653 3480 763 3531 eum
781 3467 862 3546 qui
878 3481 1006 3522 nunc
1027 3472 1376 3521 331331331331
1396 3463 1640 3522 redactum
1663 3477 1783 3522 esse.
1823 3463 1910 3518 sed
1923 3461 2240 3519 Riccardiano
2265 3478 2361 3518 33,
2451 3495 2452 3536 ;
