2467 3850
739 257 1202 312 DISGREPANTIA
1232 258 1652 316 SCRIPTURAE.
2159 270 2251 309 xxi

149 409 277 477 sem]
321 409 455 471 Quid
502 411 706 474 quaeris
741 413 1012 477 scripsisse
1057 427 1139 463 me
1167 407 1194 480 11
1230 413 1299 464 14
1324 415 1551 463 lacunam
1580 413 1794 463 indicavi
1820 408 1847 482 11
1881 413 1981 465 207
2002 451 2016 475 ,
2058 414 2085 464 1
2115 421 2166 463 et
2188 440 2255 452 --

150 479 374 530 cumulat
407 478 589 530 Aldus.
626 488 683 530 ut
713 480 934 530 cumulet
966 476 992 548 11
1025 481 1156 541 208,
1194 481 1261 532 15
1296 497 1390 547 pro
1432 484 1572 533 mucis
1596 484 1764 532 notavi
1775 477 1817 600 11
1849 481 1976 546 209,
2009 481 2075 533 19
2112 484 2255 532 Iseon

147 549 450 602 Gatmaeus.
501 549 645 598 Isson
675 544 701 617 11
733 547 803 600 36
842 548 1055 600 fuerint.
1070 585 1084 600 .
1100 585 1115 600 .
1154 549 1374 601 hetaeria
1439 566 1504 600 ue
1555 549 1719 616 brevi]
1798 552 1960 601 uerint
2004 550 2256 600 hetaeriae

147 632 277 680 quae
311 618 516 676 breves,
569 617 748 667 addita
780 619 1064 668 coniectura
1115 607 1355 683 ἕταιρίαι
1448 615 1701 683 αἱροίφιο
1755 619 1898 670 brevi
1946 613 1974 687 11
2022 618 2151 678 210,
2188 619 2256 670 20

148 685 301 737 XXX
335 686 476 736 micis
508 686 676 736 notavi
704 681 731 754 11
764 684 937 752 atque]
978 701 1039 736 ac
1086 686 1154 738 29
1202 685 1306 737 Sed
1349 686 1672 750 Sellaefem.
1709 687 1772 737 Et
1798 683 1830 755 11
1860 688 1990 751 211,
2037 687 2102 737 10
2136 687 2256 751 plus

149 757 287 805 nmcis
324 755 493 805 notavi
528 749 555 822 11
594 754 724 815 212,
772 756 839 806 25
883 757 1109 805 tammam
1151 757 1368 806 indicavi
1404 752 1430 824 11
1470 754 1601 816 213,
1647 754 1714 807 33
1749 757 2005 821 praeteriit
2043 755 2259 806 Orelliua

151 825 373 873 coniecit.
420 824 689 887 praeterita
743 818 768 891 11
821 822 950 882 218,
1001 822 1066 874 19
1123 825 1424 888 spectandus
1482 823 1746 877 Avantius.
1820 825 2187 889 exspectandus

149 891 274 955 220,
310 889 378 942 29
401 891 729 942 Sauromatae
763 893 972 943 coniecit
1003 891 1234 943 Orelliue.
1278 891 1573 943 Sauromata
1591 889 1621 961 11
1644 908 1791 957 quem
1821 892 2001 942 Aldus.
2043 895 2187 943 cuius

151 958 274 1021 221,
311 958 345 1010 8
381 961 513 1010 enim
547 961 742 1011 addidit
776 959 947 1011 Aldus
978 956 1006 1028 11
1046 961 1107 1012 11
1150 962 1218 1011 ad
1250 969 1365 1012 ante
1412 961 1645 1012 Achaeos
1674 962 1854 1011 addidi
1877 962 2151 1011 cumAldo.
2191 962 2255 1010 ad

150 1029 360 1079 eosdem
387 1027 615 1079 Achaeos
647 1024 920 1097 Avantiua}
957 1029 1025 1081 26
1059 1032 1284 1079 lacunam
1314 1027 1573 1098 indicavi„
1594 1029 1712 1091 223,
1751 1031 1783 1080 7
1819 1030 2043 1080 eiusdem
2077 1029 2257 1082 Aldus.

151 1097 368 1148 eundem
402 1092 434 1165 11
478 1096 545 1148 13
572 1098 758 1147 balinei
802 1099 893 1151 uti.
971 1097 1059 1148 lud
1090 1099 1389 1149 Gatanaeue.
1438 1099 1659 1149 balinei:
1708 1108 1763 1148 ut
1805 1098 1930 1148 illud
1968 1093 1993 1167 11
2032 1100 2153 1158 225,
2192 1098 2257 1149 15

148 1173 321 1302 Ξῖἴῖἶ
350 1180 465 1285 ἕὲῗ
484 1162 1048 1303 ᾏὛάὦὲῗῗῖἷῖὶυὲιι
1087 1175 1188 1287 {3¹⁷
1197 1165 2261 1303 ⁶2⁰}23222535¹}“0..⁰3}525.W3..‘322155²

452 1270 466 1295 ν
1192 1273 1205 1295 9
1923 1273 1935 1285 ·

151 1304 218 1354 25
247 1311 339 1352 tua
370 1305 509 1354 uncis
540 1305 707 1354 notavi
743 1299 769 1371 11
801 1303 870 1355 26
900 1306 1117 1354 civitatis
1145 1304 1329 1358 Aldus.
1369 1305 1415 1354 ei
1441 1303 1542 1355 litis
1585 1299 1612 1374 11
1652 1303 1770 1364 228,
1808 1305 1869 1356 17
1899 1305 2133 1355 Ponticae
2164 1304 2257 1354 Ca-

151 1380 380 1425 tanaeue.
411 1373 558 1423 Ponti
578 1367 603 1439 11
624 1371 694 1423 32
727 1375 876 1436 exegi
909 1372 1089 1423 Aldus.
1126 1369 1336 1442 excivifl
1358 1370 1479 1434 229,
1508 1373 1540 1425 3
1560 1371 1844 1438 continebo]
1881 1374 2189 1424 continerent
2209 1366 2234 1439 11

151 1440 215 1492 31
267 1441 403 1490 enim
451 1441 646 1490 addidit
679 1440 846 1491 Aldus
952 1439 1084 1502 231,
1141 1444 1208 1493 22
1249 1443 1346 1502 Qui
1384 1442 1928 1508 negabant—fuisse,
1982 1440 2118 1507 cum]
2171 1441 2257 1503 qui

150 1505 1511 1648 zmextraneumtrem
1539 1507 2258 1648 ἀἀἐξᾶικῆτέςέεε

152 1647 459 1698 Beroaldus.
504 1647 626 1709 quia
654 1648 717 1697 ab
754 1647 819 1695 iis
858 1642 884 1715 11
931 1646 997 1698 28
1040 1662 1153 1697 cum
1204 1663 1266 1698 ea
1304 1616 1425 1712 p⁹ars
1459 1645 1612 1714 legis]
1648 1665 1708 1697 ea
1752 1662 1873 1713 pars
1908 1648 2038 1714 legis
2067 1663 2180 1698 eum
2202 1641 2229 1713 11

153 1714 272 1776 237,
307 1716 378 1766 24
414 1715 740 1765 constitueres
772 1715 1058 1767 Ernestius.
1098 1717 1376 1766 constituas
1407 1711 1433 1784 11
1464 1716 1531 1767 29
1567 1718 1917 1767 certaminibus
1952 1717 2255 1769 BeroalduS.

155 1783 555 1834 coronaminibus
573 1777 605 1851 11
647 1783 765 1844 238,
801 1799 957 1834 unum
993 1782 1213 1850 quoque]
1248 1799 1349 1834 uno
1378 1785 1515 1846 quod
1559 1781 1592 1853 11
1637 1788 1704 1837 27
1734 1784 2053 1852 quamquam]
2092 1801 2190 1850 qua
2210 1781 2238 1854 11

153 1851 222 1904 28
252 1852 421 1902 facere*
463 1852 660 1903 addidit
689 1852 869 1904 Aldus.
893 1849 920 1922 11
943 1852 1091 1919 quae]
1130 1847 1313 1921 queml
1350 1851 1418 1903 29
1454 1867 1564 1903 sero
1596 1853 1777 1906 Aldus.
1818 1856 1892 1902 sic
1927 1869 2059 1906 sero.

289 1920 354 1971 In
383 1922 695 1987 paneam-ico
741 1938 804 1972 ea
842 1939 971 1989 quae
1009 1930 1221 1987 praeter
1255 1926 1297 1986 fi
1332 1938 1406 1973 em
1444 1920 1702 1988 archetypi
1743 1925 2005 1973 recentium
2036 1926 2253 1974 codicum

150 1998 335 2041 novata
363 1998 479 2041 aunt
511 1991 760 2051 adnotavi,
797 1992 1066 2055 adscriptis
1079 2029 1093 2052 ‚
1148 1992 1233 2042 ubi
1268 1993 1476 2042 aliorum
1516 1993 1809 2042 coniecturis
1841 2007 1960 2042 neus
1993 2007 2122 2053 sum,
2171 2008 2253 2043 no-

153 2059 364 2110 minibus
411 2066 677 2110 auctorum.
726 2075 839 2110 nam
870 2077 998 2126 quae
1032 2061 1249 2112 codicum
1292 2063 1547 2124 scriptura
1581 2063 1808 2111 restituta
1838 2063 1918 2111 vel
1949 2061 2256 2111 distinctione

153 2128 411 2179 verborum
439 2129 698 2179 emendata
730 2132 964 2190 correxi,
1014 2145 1215 2196 quonam
1265 2137 1516 2195 utrmque
1559 2145 1713 2192 saepe
1758 2130 1965 2194 accidit,
2014 2130 2258 2180 adnotare

154 2199 305 2247 nani.
376 2213 533 2262 quare
570 2199 619 2247 si
652 2214 780 2263 quae
809 2205 1018 2262 praeter
1049 2214 1113 2249 ea
1142 2214 1271 2265 quae
1304 2199 1527 2249 indicata
1567 2205 1682 2248 sunt
1713 2201 1864 2249 aliter
1896 2214 2038 2264 quam
2072 2201 2125 2249 in
2156 2204 2256 2249 vut-

146 2266 362 2331 yaffbue
407 2268 645 2329 exemplis
694 2282 758 2316 ac
787 2269 1088 2330 potiseinnan
1127 2267 1396 2331 Schaeferi
1442 2268 1652 2318 editione
1665 2304 1680 2328 ‚
1740 2272 1879 2319 caius
1924 2268 2260 2331 diecrepantia

156 2335 388 2398 adposita
420 2343 512 2399 eet,
540 2336 731 2398 scripta
761 2344 892 2397 aunt,
927 2337 1145 2386 codicum
1173 2338 1465 2387 auctoritate
1487 2339 1558 2386 ita
1585 2338 1776 2399 scripta
1810 2353 1921 2387 esee
1946 2338 2069 2388 sciri
2097 2339 2223 2387 volo.

293 2402 414 2463 243,
451 2402 518 2454 23
553 2411 708 2454 totam
743 2419 836 2469 per
867 2405 1119 2455 civitatem
1144 2405 1453 2455 membranae
1498 2407 1794 2468 rescriptae.
1829 2420 1921 2470 per
1956 2413 2111 2456 totam
2139 2406 2259 2455 civi-

154 2478 310 2522 tatem
345 2467 372 2540 11
411 2472 542 2533 246,
579 2471 644 2523 37
679 2472 901 2537 nihilque
939 2476 1119 2524 ceteris
1153 2499 1223 2510 ·—
1261 2471 1453 2539 dispar]
1508 2474 1631 2523 nihil
1662 2489 1693 2523 a
1727 2475 1905 2525 ceteris
1952 2473 2188 2524 differens
2210 2469 2235 2541 11

155 2538 222 2591 38
241 2541 440 2590 eminus
457 2544 662 2592 coniecit
681 2541 999 2606 Schaefemoe.
1023 2543 1250 2593 cominus
1270 2536 1296 2610 11
1319 2542 1501 2593 librata
1517 2542 1739 2605 Lipsius.
1765 2545 1961 2594 vibrata
1991 2537 2003 2610 1
2056 2544 2173 2602 247,
2192 2543 2256 2593 26

154 2608 448 2674 Hispaniam
494 2613 774 2661 coniectura
825 2612 1026 2661 addidit
1060 2610 1368 2674 Schaeferus
1413 2605 1428 2678 1
1501 2612 1598 2662 251
1616 2648 1635 2673 ,
1689 2612 1753 2662 12
1801 2611 1937 2674 quod
2037 2613 2254 2662 ivineizoe.

155 2693 255 2741 quo
309 2673 322 2745 1
364 2678 494 2739 252,
528 2677 561 2730 3
592 2687 774 2729 artaret
802 2678 1128 2731 Schwarzius.
1166 2681 1386 2730 adstaret
1491 2680 1610 2739 254,
1640 2679 1709 2731 28
1744 2681 1896 2729 etiam
1926 2678 2252 2729 Schwarzius.

156 2741 294 2813 iam}
332 2746 452 2804 256,
474 2745 507 2798 3
525 2748 638 2811 ipsa
661 2748 888 2811 Lipsius.
907 2750 1019 2814 ipse
1035 2745 1067 2816 11
1088 2749 1154 2799 27
1184 2750 1463 2813 praesterni
1492 2748 1715 2811 Lipeim.
1746 2749 1995 2813 prosterni
2014 2744 2042 2814 11
2077 2748 2194 2808 262,
2226 2751 2254 2799 7

156 2830 304 2865 soror
329 2815 622 2866 Duebnerus
655 2818 828 2870 edidit.
865 2832 1078 2867 sorores.
1104 2812 1273 2886 11265,
1303 2816 1337 2868 9
1362 2832 1421 2868 ac
1460 2816 1734 2867 Erue-atius.
1764 2824 1848 2866 aut
1868 2814 1895 2883 11
1916 2815 2036 2877 268,
2056 2816 2124 2868 37
2159 2833 2258 2880 quo

152 2883 228 2949 fit]
263 2899 366 2946 quo
402 2886 469 2934 sit
501 2880 527 2953 11
560 2883 682 2944 269,
718 2886 752 2937 8
786 2886 883 2935 ista
915 2886 1136 2949 Lipsius.
1171 2888 1243 2936 ita
1263 2880 1289 2954 11
1324 2885 1391 2937 26
1427 2888 1690 2951 spectandi
1725 2884 1927 2934 Caesari
1957 2885 2260 2952 Schaefems

153 2953 380 3003 coniecit.
431 2954 690 3018 spectandi
738 2952 966 3005 Caesaris
1003 2951 1031 3022 11
1076 2953 1143 3005 28
1187 2963 1239 3004 te
1280 2954 1572 3006 Duebnerus
1617 2955 1828 3005 addidit.
1867 2949 1897 3072 11
1936 2953 2004 3006 38
2049 2957 2261 3021 adoptes

156 3021 379 3084 Lipsitoe.
432 3022 643 3087 adpetas
681 3018 707 3091 11
745 3021 876 3083 278,
920 3023 954 3075 3
998 3024 1173 3086 utique
1205 3024 1429 3086 Lipsius.
1480 3031 1688 3087 uterque
1722 3019 1752 3091 11
1792 3020 1860 3074 28
1904 3059 1921 3088 ,
1975 3023 2040 3075 31
2085 3040 2260 3090 regere

46 3149 47 3156 ¹
152 3089 461 3155 Schaeferue
490 3092 713 3142 coniecit.
748 3107 924 3158 gerere
960 3088 990 3160 11
1028 3090 1156 3151 282,
1191 3093 1223 3141 7
1250 3091 1350 3142 hoc
1384 3091 1696 3143 Sehwarziue
1721 3091 1918 3142 addidit
1952 3087 1987 3162 11
2025 3092 2125 3145 283
2141 3130 2156 3153 ,
2190 3095 2255 3147 25

150 3158 311 3209 Decet
351 3159 542 3222 alioqui
592 3159 885 3212 Dnebnerue
927 3161 1102 3211 edidit.
1144 3168 1195 3210 et
1242 3161 1430 3223 alioqui
1475 3161 1649 3224 liquet.
1687 3156 1716 3229 11
1752 3159 1879 3219 284,
1913 3162 1940 3212 1
1979 3163 2257 3228 principem

46 3277 47 3286 ,
154 3234 428 3291 aequatum
466 3229 749 3279 candidatis
792 3238 842 3280 et.
884 3229 1034 3280 simul
1071 3235 1283 3279 stantem
1316 3227 1517 3295 intueri]
1564 3230 1803 3295 principis
1852 3232 2052 3293 aequati
2087 3232 2254 3282 caudi-

154 3296 288 3347 datis
320 3303 373 3347 et
400 3296 552 3347 simul
586 3298 791 3347 stantis:
831 3299 1041 3364 contigit
1072 3299 1257 3348 intueri
1276 3292 1304 3366 11
1328 3297 1389 3348 11
1423 3299 1627 3348 uomina
1655 3298 2039 3362 suffragatorum
2071 3299 2256 3350 Sebae-

148 3366 299 3430 feras
331 3368 556 3418 coniecit.
592 3365 977 3433 suffragatorum
1012 3367 1214 3417 nomina
1243 3361 1268 3434 11
1301 3365 1422 3427 285,
1461 3367 1488 3417 1
1528 3368 2131 3432 ecquando—ecquando
2169 3368 2257 3417 Li-

154 3435 362 3487 vineius.
395 3435 976 3499 quaudo-etquando.
999 3431 1168 3504 11287,
1185 3434 1220 3486 9
1239 3436 1434 3485 abicere
1469 3435 1739 3486 Livineius.
1777 3435 1981 3500 abigere
2002 3431 2027 3503 11
2050 3434 2168 3491 288,
2189 3435 2257 3484 20

156 3506 365 3570 saepius
414 3505 626 3556 accessit
681 3503 751 3555 e'oe
802 3506 1045 3569 rescripto
1099 3498 1128 3571 11
1188 3502 1257 3555 23
1303 3505 1418 3555 Tibi
1457 3504 1671 3555 fortasse
1713 3501 1930 3553 sufficiat
1968 3504 2241 3563 rescriptas
