2467 3850
317 172 399 237 10
1155 168 1223 231 C.
1264 169 1455 230 PLINI

316 346 388 388 an
417 336 478 386 ut
504 325 684 402 magis
728 342 902 402 angar
942 322 1095 402 quod
1126 342 1239 384 non
1281 321 1460 384 licet?
1518 322 1659 383 Nam
1683 322 1990 400 distringor
2015 323 2206 386 officio
2235 334 2299 386 ut

316 412 556 472 maximo
585 411 671 469 sic
690 408 1116 469 molestissimo.
1162 407 1356 467 Sedeo
1380 425 1485 486 pro
1512 406 1810 485 tribunali,
1854 408 2099 468 subnoto
2128 408 2297 469 libel-

317 494 430 571 los,
466 493 705 553 conficio
727 492 977 569 tabulas,
995 491 1186 551 scribo
1211 490 1478 569 plurimas
1507 492 1610 552 sed
1635 491 2121 552 inlitteratissimas
2145 491 2299 554 litte-

235 595 303 646 10
317 597 428 638 ras.
459 577 636 637 Soleo
661 593 774 636 non
796 593 1092 654 numquam
1123 576 1279 654 (nam
1307 576 1365 635 id
1392 578 1579 654 ipsum
1608 575 1830 653 quaudo
1859 578 2134 654 contingit
2147 577 2195 656 !)
2223 577 2296 637 de

315 661 405 723 his
443 662 910 740 occupationibus
934 659 1086 738 apud
1111 659 1441 738 Euphraten
1469 661 1650 738 queri.
1689 659 1795 719 Ille
1822 677 1914 720 me
1946 661 2292 737 consolatur,
2309 668 2342 719 5

314 745 563 804 adfirmat
593 747 759 805 etiam
787 764 919 805 esse
948 743 1092 803 hauc
1115 743 1514 821 philosophiae
1538 753 1598 803 et-
1618 744 1845 821 quidem
1866 743 2299 823 pulcherrimam

316 837 552 907 partem,
581 846 755 906 agere
776 830 1069 905 negotium
1099 826 1409 906 publicum,
1446 844 1823 906 cognoscere,
1853 828 2136 906 iudicare,
2165 845 2299 906 pro·

317 930 471 972 mere
491 922 551 972 et
567 930 839 972 exercere
860 914 1151 988 iustitiam,
1179 929 1439 989 quaeque
1463 913 1575 990 ipsi
1600 911 1840 971 doceant
1862 913 1919 971 in
1939 931 2047 972 usu
2066 912 2299 972 habere.

238 1012 305 1064 11
319 995 456 1056 Mihi
486 1005 668 1056 tamen
694 995 806 1056 hoc
835 1013 1005 1055 unum
1042 1013 1155 1054 non
1197 995 1540 1073 persuadet,
1582 999 1755 1056 satius
1795 1014 1930 1056 esse
1967 999 2078 1057 ista
2107 995 2302 1056 facere

323 1098 486 1159 quam
525 1098 651 1138 cum
688 1080 791 1140 illo
832 1080 957 1140 dies
1001 1088 1157 1140 totos
1200 1079 1481 1140 audiendo
1522 1079 1904 1158 discendoque
1946 1097 2304 1141 consumere.
2319 1095 2391 1147 lo

323 1163 452 1237 Quo
473 1166 651 1242 mag-is
674 1173 754 1240 te,
783 1165 874 1224 cui
898 1171 1083 1240 vacat,
1107 1163 1326 1240 hortor,
1351 1165 1552 1223 cumin
1567 1163 1762 1223 urbem
1790 1165 2044 1241 proxime
2073 1165 2303 1224 veneris

323 1250 548 1327 (venias
577 1257 763 1307 autem
786 1247 859 1308 oh
890 1247 1002 1307 hoc
1028 1248 1354 1325 maturius),
1378 1248 1459 1307 illi
1480 1256 1538 1306 te
1564 1247 1960 1324 expoliendum
1980 1247 2303 1308 limandum-

240 1347 307 1398 12
324 1350 436 1410 que
467 1334 777 1411 permittas.
844 1331 1046 1411 Neque
1074 1334 1221 1391 enim
1252 1349 1399 1409 ego,
1436 1339 1497 1390 ut
1522 1330 1681 1390 multi
1697 1331 1968 1408 „invideo
1996 1331 2121 1392 aliis
2147 1331 2304 1393 hono

323 1433 437 1493 quo
454 1419 582 1493 ipse
598 1433 790 1493 careo,
815 1415 919 1477 sed
945 1425 1139 1475 contra
1153 1433 1384 1476 sensum
1405 1408 2154 1495 quendamsvoluptatemque
2171 1434 2304 1494 per-

322 1502 496 1577 cipio,
521 1501 570 1560 si
594 1518 663 1559 ea
684 1518 831 1580 quae
850 1500 983 1559 mihi
1001 1499 1350 1577 denegantur
1362 1500 1560 1560 amicis
1577 1498 1747 1558 video
1766 1517 2097 1578 superesse.
2138 1499 2302 1560 Vale.
2320 1517 2388 1570 15

1255 1632 1357 1694 XI.

810 1731 864 1783 C.
896 1732 1145 1786 PLINIUS
1172 1732 1362 1784 FABIO
1388 1733 1571 1787 mSTo
1604 1733 1723 1787 SUO
1759 1733 1813 1789 S.

279 1857 311 1908 1
450 1838 595 1900 Olim
621 1838 754 1899 mihi
781 1837 964 1900 nullas
998 1839 1274 1919 epistulas
1302 1841 1497 1902 mittis.
1563 1840 1720 1900 Nihil
1748 1848 1870 1917 est,
1905 1840 2114 1919 inquis,
2148 1841 2302 1918 quod

326 1925 586 1984 scribam.
625 1924 703 1983 At
728 1922 840 1984 hoc
868 1925 1054 2003 ipsum
1083 1926 1275 1986 scribe
1302 1924 1442 1984 nihil
1473 1945 1607 1986 esse
1639 1925 1794 2004 quod
1820 1925 2059 2002 scribas,
2089 1925 2185 1984 vel
2207 1942 2391 1994 so-‘2o

323 2007 438 2066 lum
473 2008 615 2068 illud
649 2008 794 2068 unde
835 2010 1093 2086 incipere
1126 2011 1346 2087 priores
1378 2008 1637 2068 solebant
1665 2012 1740 2070 esi
1769 2010 1959 2086 vales,
2001 2008 2150 2067 bene
2177 2018 2301 2078 est;

327 2110 441 2169 ego
469 2090 679 2151 valeo-³
723 2091 847 2151 Hoc
873 2092 1008 2151 mihi
1038 2092 1277 2159 sufficit3
1304 2100 1396 2152 est
1422 2094 1570 2151 enim
1596 2095 1908 2153 maximum.
1960 2092 2181 2153 Ludere
2208 2105 2304 2154 me

278 2172 537 2257 2putas?
580 2176 732 2235 serio
776 2185 932 2254 peto.
1001 2174 1114 2235 Fac
1141 2176 1315 2235 sciam
1345 2174 1480 2254 quid
1506 2193 1666 2257 agas,
1698 2179 1848 2259 quod
1877 2180 2000 2239 sine
2027 2176 2303 2239 sollicitu-

327 2259 459 2318 dine
487 2274 697 2318 summa
722 2261 949 2319 nescire
978 2274 1092 2318 non
1118 2275 1369 2336 possum.
1427 2258 1589 2319 Vale.

1249 2391 1378 2454 XII.

297 2525 352 2572 s
691 2491 746 2544 c,
785 2488 1035 2541 PLINIUS
1074 2490 1429 2544 GALESTRJO
1465 2493 1683 2545 TIRONI
1720 2493 1841 2545 suo
1873 2494 1931 2548 s,

283 2608 315 2659 1
456 2589 730 2650 Iacturam
759 2591 1144 2667 gravissimam
1170 2592 1308 2671 feci,
1340 2596 1390 2655 si
1427 2597 1639 2656 iactura
1669 2594 1906 2656 dicenda
1927 2605 2018 2656 est
2036 2595 2174 2655 tanti
2192 2596 2302 2656 viri

328 2676 579 2737 amissio.
645 2674 915 2735 Decessit
952 2673 1236 2738 Corellius
1265 2678 1482 2757 Rufus,
1519 2689 1578 2739 et
1606 2678 1835 2757 quidem
1864 2688 2103 2758 sponte,
2150 2680 2308 2757 quod

329 2759 584 2819 dolorem
611 2775 797 2818 meum
818 2758 1125 2819 exulcerat.
1154 2759 1261 2822 Est
1283 2765 1429 2822 enim
1451 2763 1934 2824 luctuosissimum
1952 2781 2136 2841 genus
2154 2780 2305 2824 mor·
2318 2773 2394 2828 30

282 2857 317 2909 2
334 2845 406 2903 tis
434 2861 578 2921 quae
618 2860 731 2902 uon
760 2861 834 2902 ex
861 2852 1053 2903 natura
1078 2861 1187 2905 nec
1223 2846 1409 2907 fatalis
1435 2846 1677 2907 videtur.
1739 2846 1881 2907 Nam
1909 2856 2213 2926 utcumque
2245 2850 2304 2906 in

330 2925 446 2987 illis
469 2926 564 3004 qui
593 2926 789 2987 morbo
823 2927 1084 2987 finiuntur
1107 2947 1366 3007 mag-num
1394 2949 1466 2990 ex
1494 2933 1618 3008 ipsa
1650 2933 1996 2994 necessitate
2029 2931 2306 2993 solacium

332 3019 454 3087 est,
493 3012 552 3069 in
590 3012 663 3069 iis
699 3028 840 3070 vero
867 3029 1011 3090 quos
1041 3017 1312 3074 arcessita
1338 3032 1490 3074 mors
1518 3014 1700 3074 aufert
1725 3014 1821 3074 hic
1850 3015 2174 3076 insanabilis
2202 3015 2304 3075 do-

284 3092 425 3158 3lor
453 3101 575 3170 est,
619 3094 772 3171 quod
811 3095 1113 3156 creduntur
1139 3100 1399 3176 potuisse
1433 3098 1528 3158 diu
1553 3100 1768 3159 vivere.
1840 3097 2152 3159 Corellium
2180 3100 2304 3176 qui·
2455 3135 2456 3174 5

332 3177 461 3237 dem
489 3194 700 3238 summa
724 3180 887 3255 ratio,
917 3198 1061 3258 quae
1083 3182 1431 3258 sapientibus
1451 3198 1556 3259 pro
1578 3184 1924 3245 necessitate
1948 3193 2058 3260 est,
2092 3183 2164 3243 ad
2190 3183 2393 3245 hoc35
2455 3225 2456 3230 κ

333 3260 631 3321 consilium
652 3263 945 3341 compulit,
977 3281 1306 3343 quamquam
1335 3264 1601 3342 plurimas
1621 3265 1845 3326 vivendi
1869 3285 2068 3328 causas
2093 3267 2303 3327 haben·

330 3353 467 3421 tem,
499 3347 761 3424 optimam
790 3349 1215 3423 conscientiam,
1250 3350 1512 3426 optimam
1545 3348 1760 3427 famam,
1792 3352 2080 3410 maximam
2109 3359 2302 3411 aucto-

329 3429 551 3489 ritatem
565 3475 584 3509 ,
613 3441 908 3510 praeterea
944 3429 1111 3491 filiam
1149 3448 1386 3491 uxorem
1422 3443 1693 3511 nepotem
1735 3451 1967 3496 sorores
1980 3454 2008 3513 ,·
2043 3436 2304 3514 interque

2319 2355 2392 2407 25
2455 2315 2456 2318 γ
