2467 3850
365 200 450 263 82
1205 191 1276 254 C.
1310 191 1504 255 rum

362 350 515 450 illam
525 347 716 493 1ιῖιῆιιίιΙιί,
759 347 855 407 illa
910 344 1063 424 qnod
1099 361 1192 407 me
1230 343 1339 406 sibi
1368 344 1627 422 dederis,
1670 344 1830 425 quasi
1870 345 2113 406 invicem
2152 343 2349 424 elege-

361 454 462 496 ris.
633 452 687 493 e.

807 662 861 713 G.
897 659 1145 712 PLINIUS
1177 562 1663 710 ΝΟΙΚξΟΧΜΑΧΙΜΟ
1699 658 1818 711 SUO
1854 660 1910 712 S.
2363 691 2394 741 5

313 776 344 828 1
490 763 639 838 Quid
668 764 940 824 senserim
975 763 1046 823 de
1074 760 1314 839 singulis
1350 764 1459 822 tuis
1487 760 1645 822 libris
1674 772 1867 822 notum
1895 762 2034 838 tibi,
2066 771 2127 822 ut
2156 779 2352 840 quem·

365 867 477 928 qne
516 847 890 927 perlegeram,
939 846 1081 906 feci:
1129 848 1332 924 accipe
1359 864 1508 905 nunc
1539 846 1674 925 quid
1703 846 1774 906 de
1802 848 2084 906 universis
2111 864 2349 923 genera-
2456 879 2457 892 κ

311 932 494 996 2liter
520 932 781 992 iudicem.
825 930 934 991 Est
961 948 1108 1008 opus
1137 929 1452 1008 pulchrum,
1480 929 1744 1007 validum,
1773 948 1927 1007 acre,
1958 929 2227 1007 sublime,
2255 948 2349 989 va-

363 1019 542 1093 rium,
580 1015 848 1092 elegans,
894 1032 1127 1094 purum,
1181 1015 1510 1092 figuratum,
1553 1017 1864 1093 spatiosum
1907 1016 2072 1074 etiam
2114 1023 2174 1074 et
2226 1031 2351 1073 cum

363 1118 563 1178 magna
595 1109 690 1160 tua
721 1099 887 1160 laude
918 1099 1211 1175 diffusum,
1257 1101 1312 1156 in
1341 1116 1454 1175 quo
1484 1108 1543 1158 tu
1577 1100 1788 1176 ingenii
1830 1097 1993 1160 simul
2025 1097 2352 1176 dolorisque
2370 1112 2426 1163 10

366 1185 513 1244 velis
541 1183 807 1244 latissime
842 1192 1044 1242 vectus
1070 1202 1154 1242 es.
1196 1181 1407 1240 Horum
1429 1191 1726 1259 utrumqne
1761 1185 2000 1242 invicem
2030 1181 2351 1241 adiumento

319 1268 496 1332 3fuit.
533 1267 676 1328 Nam
704 1267 886 1328 dolori
919 1265 1317 1327 sublimitatem
1345 1275 1405 1325 et
1429 1268 1896 1343 magnificentiam
1926 1267 2235 1343 ingenium,
2271 1266 2351 1324 in-

365 1354 538 1430 genio
567 1354 682 1412 vim
708 1361 769 1412 et
799 1350 1216 1412 amaritudinem
1244 1348 1408 1409 dolor
1437 1350 1664 1411 addidit.
1723 1349 1885 1411 Vale.

1281 1482 1439 1544 XXI.

815 1582 871 1638 c,
905 1583 1154 1634 PLINIUS
1183 1583 1378 1634 vano
1416 1581 1669 1632 canum
1705 1579 1824 1632 suo
1860 1583 1913 1633 S.

323 1665 352 1716 ¹
486 1683 726 1747 Tristem
758 1695 815 1745 et
841 1685 1108 1745 acerbum
1137 1703 1329 1746 casum
1358 1682 1741 1743 Helvidiarum
1774 1682 2056 1746 sororum!
2098 1684 2351 1763 Utraque

320 1748 401 1830 2a
444 1780 636 1849 partu,
681 1781 919 1850 utraque
961 1769 1129 1830 liliam
1167 1773 1331 1831 enixa
1373 1768 1647 1829 decessit.
1703 1765 1957 1827 Adficior
1999 1767 2199 1829 dolore
2243 1787 2352 1829 nec

365 1864 550 1914 tamen
584 1873 754 1935 supra
782 1853 1004 1914 modum
1033 1853 1235 1914 doleo:
1277 1856 1354 1914 ita
1398 1851 1531 1911 mihi
1574 1851 1893 1912 luctuosum
1931 1853 2156 1913 videtur
2200 1852 2352 1933 quod

365 1939 585 2019 puellas
619 1939 1044 2001 honestissimas
1088 1942 1143 1998 in
1183 1940 1324 1999 flore
1368 1940 1547 2016 primo
1577 1936 1894 1997 fecunditas
1924 1937 2172 1999 abstulit.
2239 1935 2425 2002 An-20

364 2041 474 2102 gor
501 2023 789 2083 infantium
814 2031 1008 2099 sorte,
1051 2041 1195 2100 quae
1236 2031 1364 2084 sunt
1404 2020 1728 2099 parentibus
1767 2024 1952 2082 statim
1993 2031 2051 2080 et
2095 2021 2225 2080 dum
2255 2040 2353 2081 na·

366 2116 601 2167 scuntnr
621 2105 871 2182 orbatae,
901 2122 1079 2183 angor
1102 2108 1439 2184 optimorum
1460 2107 1799 2182 maritorum,
1829 2123 2008 2183 angor
2031 2108 2200 2166 etiam
2222 2123 2353 2167 meo

313 2193 610 2254 3nomine.
670 2188 810 2249 Nam
844 2199 1059 2267 patrem
1099 2189 1314 2248 illarum
1357 2190 1682 2249 defunctum
1722 2207 1949 2269 quoque
1974 2208 2354 2269 perseveran-

367 2274 584 2332 tissime
616 2272 813 2349 diligo,
847 2282 909 2331 ut
937 2275 1160 2333 actione
1184 2292 1312 2334 mea
1341 2273 1614 2352 librisque
1643 2283 1905 2335 testatum
1935 2285 2052 2342 θείς
2085 2276 2178 2334 cui
2201 2293 2354 2333 nunc

367 2373 513 2415 unus
541 2373 615 2414 ex
641 2355 818 2415 tribus
851 2354 1046 2415 liberis
1086 2366 1354 2437 superest
1394 2358 1730 2436 domumque
1763 2358 2019 2436 pluribus
2047 2357 2353 2418 adminicu-
2368 2369 2428 2421 25

321 2438 442 2502 4lis
478 2438 644 2517 paulo
671 2447 797 2498 ante
829 2438 1104 2499 fundatam
1136 2440 1424 2501 desolatus
1454 2441 1612 2500 fulcit
1639 2460 1705 2501 ac
1733 2445 1987 2504 sustinet.
2033 2441 2242 2520 Magno
2271 2453 2354 2502 ta-

366 2540 493 2582 men
520 2521 768 2582 fomento
802 2521 969 2583 dolor
996 2541 1154 2583 meus
1180 2525 1532 2602 adquiescet,
1564 2527 1614 2585 si
1646 2525 1794 2585 hunc
1827 2526 2025 2586 saltem
2056 2526 2264 2587 fortem
2295 2535 2354 2587 et

365 2606 704 2667 incolumem
744 2623 1051 2685 paremque
1097 2607 1180 2669 illi
1229 2611 1407 2687 patri,
1453 2608 1536 2668 illi
1585 2626 1692 2670 avo
1743 2610 1965 2670 fortuna
2015 2619 2352 2671 servaverit.

370 2689 544 2751 Cuius
588 2708 702 2769 ego
741 2707 847 2770 pro
888 2691 1109 2769 salute,
1165 2711 1272 2771 pro
1322 2693 1572 2753 moribus
1613 2690 1725 2755 hoc
1770 2712 1892 2755 sum
1934 2696 2112 2771 magis
2152 2697 2352 2755 anxius

313 2776 518 2854 squod
546 2777 750 2837 unicus
783 2774 965 2836 factus
1009 2785 1117 2836 est.
1178 2776 1345 2837 Nosti
1388 2778 1445 2835 in
1478 2793 1667 2837 amore
1708 2777 1993 2838 mollitiam
2020 2780 2186 2838 animi
2214 2782 2432 2855 mei,3o

366 2861 514 2919 nosti
542 2870 755 2928 metus:
786 2876 900 2940 qno
934 2861 1115 2921 minus
1147 2870 1207 2921 te
1237 2862 1422 2920 mirari
1454 2862 1741 2938 oportebit
1769 2863 1921 2941 qnod
1953 2861 2253 2941 plurimum
2280 2866 2354 2924 ti·

364 2958 547 3003 meam
576 2943 649 3003 de
676 2942 1109 3025 qno‘plurimnm
1139 2961 1334 3023 spero.
1394 2943 1558 3005 Vale.

771 3175 826 3227 0.
856 3175 1103 3229 PLINIUS
1139 3077 1499 3228 smffilo
1529 3176 1696 3230 RUFO
1733 3176 1853 3229 SUO
1887 3176 1939 3228 S.
2371 3208 2432 3261 35

316 3286 352 3340 ι
483 3273 717 3335 Interfui
755 3277 1026 3357 principis
1066 3280 1260 3358 optimi
1304 3280 1642 3357 cognitioni,
1686 3281 1745 3339 in
1787 3280 2087 3341 consilinm
2130 3281 2356 3342 adsum-

365 3368 518 3441 ptus.
564 3356 866 3433 Gymnicus
887 3378 1035 3438 agon
1056 3361 1204 3439 apud
1223 3361 1581 3424 Viennenses
1603 3381 1678 3422 ex
1698 3364 1987 3425 cniusdam
2006 3373 2356 3427 testamento

369 3441 777 3509 celebrabatur.
828 3441 987 3507 Hunc
1016 3443 1331 3507 Trebonius
1356 3445 1621 3527 Rufinus,
1647 3449 1735 3509 vir
1767 3451 2038 3528 egregius
2067 3450 2357 3531 nobisque

2369 1534 2424 1585 15
