2467 3850
334 177 453 241 128
1162 176 1225 238 C.
1272 176 1465 239 PLINI

249 344 315 395 lo
330 340 437 395 est.
504 329 699 390 Tuitus
741 348 863 389 sum
903 328 1102 389 Iulium
1128 331 1395 408 Bassum,
1438 340 1499 389 ut
1528 329 1921 391 incustoditum
1946 328 2110 390 nimis
2140 338 2202 389 et
2231 330 2317 388 in·

331 423 551 474 cautum
577 415 651 474 ita
682 416 902 474 minime
930 414 1161 484 malum:
1200 415 1479 476 iudicibus
1510 416 1766 492 acceptis
1790 416 1849 473 in
1870 423 2066 474 senatu
2092 430 2314 473 reman-

249 511 309 562 ll
329 500 422 558 sit.
465 497 597 557 Dixi
627 500 877 576 proxime
907 516 1011 576 pro
1041 498 1265 559 Vareno
1284 545 1302 576 ,
1333 499 1656 577 postulante
1682 508 1743 557 ut
1771 499 1881 559 sibi
1903 499 2144 558 invicem
2173 511 2313 560 evo-

330 600 461 641 care
503 592 683 642 testes
728 581 959 650 liceret:
1001 585 1355 660 impetratum
1397 593 1501 647 est.
1561 582 1624 643 In
1668 592 1957 662 posterum
1985 591 2122 659 opto
2155 590 2216 640 ut
2243 598 2314 639 ea

327 668 678 743 potissimum
708 665 902 726 iubear
934 684 1078 744 quae
1120 684 1210 727 me
1241 666 1441 726 deceat
1467 667 1563 727 vel
1603 677 1809 745 sponte
1849 665 2079 726 fecisse.
2146 662 2308 723 Vale.
2331 675 2365 728 5
2466 723 2467 728 ,

1224 799 1404 860 XXX.

674 895 728 949 c,
766 862 1013 947 anrus
1049 898 1301 949 FABATO
1336 896 1709 949 PROSOCERO
1747 896 1864 947 suo
1903 896 1956 948 S.

280 1018 309 1068 1
451 1003 740 1064 Debemus
768 1022 857 1062 me
884 1003 1129 1066 Hercule
1160 1004 1376 1065 natales
1405 1015 1532 1066 tuos
1563 1003 1796 1084 perinde
1817 1023 1883 1064 ac
1905 1013 2133 1066 nostros
2157 1004 2310 1065 cele·

328 1088 511 1164 brare,
547 1105 673 1147 cum
702 1088 912 1148 laetitia
942 1098 1265 1148 nostrorum
1290 1107 1363 1149 ex
1388 1093 1497 1150 tuis
1525 1088 1798 1168 pendeat,
1833 1091 1990 1150 cuius
2022 1089 2308 1167 diligentia
2327 1094 2394 1147 10
2466 1093 2467 1096 ’

276 1184 310 1235 2
329 1181 387 1231 et
417 1190 550 1231 cura
577 1172 670 1232 hic
700 1170 924 1249 hilares,
957 1169 1085 1232 i'stic
1116 1176 1304 1234 securi
1334 1192 1540 1234 sumus.
1596 1172 1741 1233 Villa
1772 1172 2111 1251 Camilliana,
2147 1190 2311 1251 quam

326 1258 382 1315 in
425 1253 723 1334 Campania
772 1256 1037 1335 possides
1055 1304 1072 1335 ,
1115 1268 1212 1317 :est
1266 1257 1488 1336 quidem
1526 1266 1803 1317 vetustate
1841 1266 2072 1325 vexata:
2124 1267 2312 1317 tamen

329 1358 476 1418 quae
518 1349 647 1399 sunt
684 1342 1018 1418 pretiosiora
1056 1351 1150 1400 aut
1190 1344 1408 1419 integra
1445 1352 1669 1402 manent
1708 1351 1800 1402 aut
1841 1340 2127 1400 levissime
2156 1340 2311 1400 laesa

272 1433 307 1487 3
325 1433 472 1484 sunt.
534 1424 887 1483 Attendimus
920 1442 1059 1502 ergo
1100 1434 1160 1484 ut
1191 1444 1356 1504 quam
1385 1426 1752 1485 saluberrime
1783 1425 2114 1485 reficiantur.
2178 1422 2308 1500 Ego

325 1507 526 1567 videor
567 1508 777 1568 habere
815 1508 1018 1568 multos
1061 1512 1305 1587 amicos,
1350 1510 1454 1570 sed
1495 1510 1657 1570 huius
1699 1511 1927 1587 generis
1971 1510 2130 1586 cuius
2162 1516 2219 1567 et
2245 1518 2305 1567 tu
2325 1520 2390 1572 15
2464 1533 2467 1590 ς

275 1593 552 1670 4quaeris
586 1601 642 1651 et
669 1611 763 1651 res
795 1594 971 1670 exigit
1008 1612 1190 1673 prope
1220 1595 1515 1654 neminem.
1558 1594 1701 1654 Sunt
1730 1596 1876 1653 enim
1907 1608 2100 1653 omues
2130 1593 2306 1667 togati

329 1684 387 1735 et
425 1677 648 1736 urbani:
692 1678 1025 1737 rusticorum
1064 1689 1249 1738 autem
1291 1677 1644 1756 praediorum
1682 1677 2081 1737 administratio
2115 1676 2307 1752 poscit

328 1758 523 1818 durum
553 1759 791 1838 aliquem
816 1772 873 1822 et
902 1772 1207 1839 agrestem,
1240 1765 1331 1821 cui
1360 1780 1469 1821 nec
1498 1762 1659 1822 labor
1686 1761 1783 1820 ille
1812 1761 1998 1838 gravis
2029 1775 2140 1818 nec
2171 1777 2305 1819 cura

275 1858 309 1908 5
327 1844 549 1903 sordida
579 1862 689 1903 nec
712 1848 885 1906 tristis
920 1846 1165 1906 solitudo
1194 1846 1464 1906 videatur.
1517 1845 1599 1905 Tu
1631 1844 1702 1904 de
1730 1844 1875 1904 Rufo
1906 1843 2303 1904 honestissime

326 1932 571 2006 cogitas:
624 1930 727 1990 fuit
769 1934 915 1990 enim
954 1931 1070 1990 filio
1106 1941 1208 1990 tuo
1250 1931 1548 1991 familiaris.
1610 1929 1759 2003 Quid
1797 1939 1979 1988 tamen
2020 1928 2183 1988 nobis
2226 1928 2389 1988 ibino

325 2023 613 2090 praestare
644 2017 827 2092 possit
856 2018 1076 2092 ignoro,
1109 2015 1261 2074 velle
1292 2015 1587 2093 plurimum
1616 2012 1804 2073 credo.
1866 2009 2026 2073 Vale.

1099 2181 1112 2188 μ
1211 2146 1414 2208 XXXI.

800 2246 851 2294 e.
890 2246 1135 2297 PLINIUS
1175 2246 1573 2298 coansLmNo
1611 2244 1729 2296 sno
1766 2245 1817 2296 S.

280 2359 309 2409 1
447 2345 735 2407 Evocatus
765 2350 820 2406 in
846 2348 1138 2408 consilium
1167 2368 1198 2409 a
1233 2347 1475 2411 Caesare
1514 2357 1707 2408 nostro
1741 2346 1812 2407 ad
1843 2344 2077 2407 Centum
2109 2344 2388 2409 Cellas25

275 2439 309 2491 2
327 2429 470 2507 (hoc
492 2428 623 2488 loco
652 2432 886 2509 nomen)
917 2450 1169 2509 magnam
1202 2436 1332 2513 cepi
1359 2433 1721 2512 voluptatem.
1768 2430 1915 2504 Quid
1943 2432 2088 2490 enim
2109 2434 2306 2490 iucun-

328 2512 449 2572 dius
475 2530 637 2590 quam
672 2517 939 2594 principis
974 2519 1234 2577 iustitiam
1268 2521 1592 2595 gravitatem
1620 2518 1936 2575 comitatem
1972 2517 2031 2574 in
2062 2532 2307 2576 secessu

327 2613 588 2674 quoque,
631 2599 723 2658 ubi
755 2603 988 2660 maxime
1027 2600 1419 2677 recluduntur,
1465 2597 1787 2680 inspicere?
1832 2599 2078 2659 Fuerunt
2116 2601 2308 2660 variae
2460 2624 2467 2705 A

328 2684 679 2758 cognitiones
713 2693 770 2743 et
800 2703 943 2762 quae
971 2687 1208 2746 virtutes
1236 2685 1434 2745 iudicis
1466 2703 1571 2763 per
1602 2684 1794 2762 plures
1825 2684 2054 2763 species
2078 2686 2306 2762 experi-

274 2770 530 2825 3rentur.
587 2766 743 2826 Dixit
774 2785 995 2829 causam
1027 2768 1290 2830 Claudius
1321 2769 1571 2845 Ariston,
1605 2770 1874 2846 princeps
1900 2766 2302 2846 Ephesiorum,
2321 2780 2394 2835 30

325 2848 491 2910 homo
532 2853 821 2911 munificus
852 2862 909 2912 et
938 2855 1161 2913 innoxie
1189 2853 1509 2933 popularis:
1552 2852 1682 2912 inde
1728 2852 1932 2911 invidia
1968 2859 2025 2910 et
2064 2870 2096 2909 a
2139 2849 2304 2912 dissi·
2466 2854 2467 2927 ἕ

324 2931 565 3008 millirnis
608 2935 825 2996 delator
866 2938 1157 2997 inmissus:
1200 2939 1390 3015 itaque
1421 2936 1709 2996 absolutus
1735 2936 2162 3014 vindicatusque
2195 2944 2301 2995 est.
2466 2938 2467 2943 ’

274 3014 596 3093 4Sequenti
637 3019 727 3078 die
768 3020 951 3080 audita
994 3031 1082 3081 est
1126 3020 1328 3081 Galitta
1359 3019 1615 3080 adulterii
1644 3039 1760 3084 rea.
1821 3018 2007 3097 Nupta
2035 3017 2180 3078 haec
2209 3022 2304 3079 tri-

324 3099 473 3158 buno
516 3100 747 3160 militum
786 3103 1031 3165 honores
1073 3108 1417 3183 petituroet
1470 3122 1623 3165 suam
1667 3113 1723 3163 et
1762 3105 1939 3164 mariti
1981 3102 2308 3180 dignitatem
2466 3136 2467 3181 i

326 3186 666 3244 centurionis
706 3203 893 3246 amore
923 3188 1326 3247 maculaverat:
1370 3192 1594 3249 maritus
1625 3186 1817 3265 legato
1851 3186 2166 3264 consulari,
2185 3262 2191 3266 .
2210 3186 2397 3249 ineas

276 3277 306 3327 5
326 3264 554 3326 Caesari
584 3270 909 3347 scripserat.
957 3270 1167 3331 Caesar
1190 3275 1449 3333 excussis
1474 3272 1896 3351 probationibus
1921 3271 2309 3331 centurionem

325 3355 705 3411 exauctoravit
735 3353 917 3431 adque
958 3357 1125 3414 etiam
1166 3353 1462 3432 relegavit.
1530 3357 1837 3434 Supererat
1870 3356 2120 3429 crimini,
2155 3354 2311 3433 quod

323 3435 431 3492 nisi
462 3433 692 3493 duorum
723 3455 854 3496 esse
893 3454 1004 3496 non
1031 3448 1285 3515 poterat,
1311 3438 1528 3517 reliqua
1556 3457 1688 3518 pars
1717 3439 1973 3499 ultionis:
2004 3437 2108 3499 sed
2137 3442 2308 3501 mari-

2456 466 2467 503 i
