2467 3850
300 196 419 259 132
1136 194 1199 255 C.
1244 194 1436 255 PLINI

249 351 495 415 2simum
526 347 678 427 quod
702 349 938 408 maxime
975 347 1191 425 funeri,
1236 349 1558 408 debebatur.
1619 345 1915 408 Praeterea
1954 359 2107 410 tanto
2141 368 2280 410 con·
2464 309 2467 392 A

299 451 468 494 sensu
511 433 801 509 rogabatis
845 442 905 491 ut
947 450 1157 508 negare
1185 449 1297 491 non
1329 441 1589 491 constans
1621 431 1721 490 sed
1749 431 1942 491 durum
1967 433 2274 494 videretur.

198 528 207 537 ·
294 515 439 577 Illud
471 533 698 594 quoque
731 517 967 593 egregie
1011 511 1162 593 quod
1192 523 1301 574 tam
1330 513 1547 590 facilis,
1589 523 1700 573 tam
1739 511 1989 576 liberalis
2015 519 2070 576 in
2101 516 2276 580 eden-

240 615 275 667 3
296 601 370 661 do
398 600 566 659 fuisti.
612 598 751 659 Nam
779 617 885 678 per
912 599 1055 658 haec
1083 600 1249 658 etiam
1279 615 1512 674 magnus
1535 600 1744 656 animus
1766 600 2093 658 ostenditur.
2138 599 2274 660 Vel-

294 683 409 745 lem
450 683 747 743 Africanae
793 700 930 761 quas
977 688 1269 741 coemeras
1312 681 1578 759 plurimas
1619 679 1687 739 ad
1728 683 2074 760 praefinitum
2123 683 2323 745 diem5

295 768 704 828 occurrissent:
744 766 847 825 sed
890 764 1025 825 licet
1065 766 1411 825 cessaverint
1450 763 1578 823 illae
1620 772 1953 843 tempestate
1987 768 2271 844 detentae,

293 860 354 910 tu
389 860 570 910 tamen
612 851 860 908 meruisti
900 857 958 908 ut
985 857 1283 926 acceptum
1310 848 1407 907 tibi
1439 849 1597 907 lieret
1626 848 1776 926 quod
1807 866 1918 926 quo
1959 851 2139 910 minus
2175 869 2273 909 ex-

294 935 519 994 hiberes
551 950 660 992 non
691 951 796 1012 per
825 942 882 992 te
907 935 1081 992 stetit.
1144 931 1313 991 Vale.¹

736 1282 806 1361 c.
831 1195 834 1206 Ι
862 1279 1079 1361 rum
1132 1278 1443 1360 officim
1495 1182 1838 1360 SECUNm

532 1439 2021 1555 EPISTULARUM
2287 1526 2352 1576 15

984 1631 1176 1686 LIBER
1220 1630 1574 1687 SEPTIMUS.

1252 1790 1294 1849 Ι.

854 1888 909 1941 G.
947 1888 1193 1941 PLINIUS
1226 1884 1464 1939 GEMINO
1498 1885 1615 1937 SUO
1652 1886 1704 1937 S.

242 2022 269 2071 1
409 2005 607 2066 Terret
645 2023 735 2065 me
775 2005 917 2065 haec
947 2014 1039 2066 tua
1079 2016 1191 2067 tam
1220 2007 1476 2084 pertinax
1503 1999 1762 2063 valetudo
1778 2047 1795 2080 ,
1837 2012 1896 2063 et
1938 2020 2269 2081 quamquam

293 2099 350 2148 te
377 2090 937 2167 temperantissimum
963 2090 1248 2165 noverim,
1289 2106 1497 2149 vereor
1520 2098 1703 2148 tamen
1729 2105 1801 2147 ne
1831 2086 1963 2165 quid
1990 2085 2071 2146 illi
2100 2089 2264 2147 etiam

242 2174 347 2236 2in
374 2188 560 2231 mores
590 2180 717 2231 tuos
747 2170 932 2230 liceat.
996 2170 1234 2233 Proinde
1276 2188 1478 2231 moneo
1511 2172 1786 2250 patienter
1825 2173 2086 2233 resistas:
2152 2169 2266 2230 hoc

289 2253 566 2314 laudabile
584 2299 600 2329 ,
633 2253 745 2314 hoc
775 2253 1032 2313 salutare.
1097 2253 1347 2315 Admittit
1377 2256 1608 2316 humana
1634 2263 1825 2314 natura
1853 2253 2002 2332 quod
2029 2253 2261 2313 suadeo.

245 2337 428 2416 31pse
468 2344 627 2395 certe
665 2338 750 2396 sic
790 2353 963 2413 agere
1001 2355 1166 2398 sanus
1210 2356 1335 2397 cum
1370 2341 1508 2399 meis
1540 2337 1734 2399 soleo:
1785 2342 1981 2416 ‘spero
2013 2336 2351 2415 quidem,25

292 2424 340 2481 si
370 2420 517 2478 forte
545 2420 601 2477 in
628 2419 919 2480 adversam
957 2420 1330 2483 valetudinem
1369 2422 1618 2481 incidero
1637 2467 1653 2498 ,
1689 2420 1822 2481 nibil
1854 2440 1941 2482 me
1974 2419 2261 2482 desidera-

288 2513 469 2565 turum
495 2502 588 2562 vel
619 2502 834 2581 pudore
858 2502 950 2563 vel
976 2505 1314 2582 paenitentia
1343 2504 1592 2581 dignum:
1622 2507 1671 2565 si
1699 2515 1884 2565 tamen
1911 2506 2266 2584 superaverit

290 2588 536 2664 morbus,
564 2586 824 2647 denuntio
845 2605 918 2647 ne
941 2586 1072 2667 quid
1093 2588 1221 2649 mihi
1249 2587 1394 2648 detis
1414 2587 1521 2649 nisi
1538 2589 1985 2668 permittentibus
2003 2588 2259 2663 mediciS,
2320 2599 2329 2605 ‘

292 2673 614 2750 sciatisque,
641 2673 689 2731 si
717 2670 1017 2749 dederitis,
1047 2674 1122 2731 ita
1147 2672 1547 2735 vindicaturum
1586 2682 1647 2732 ut
1673 2672 1858 2732 solent
1881 2673 1974 2732 alii
1997 2689 2139 2751 quae
2163 2690 2262 2730 ne-

242 2761 531 2834 tigantur.2
576 2755 723 2829 Quin
748 2757 913 2816 etiam
941 2774 1067 2816 cum
1100 2765 1362 2833 perustus
1391 2755 1773 2816 ardentissima
1800 2755 1994 2832 febre,
2040 2753 2351 2826 tandem30

287 2843 553 2899 remissus
606 2848 921 2918 unctusque
961 2841 1285 2918 acciperem
1325 2857 1358 2898 a
1401 2839 1620 2899 medico
1662 2841 1980 2938 potionem,
2031 2841 2262 2917 porrexi

289 2940 503 2982 manum
539 2933 710 3000 utque
749 2932 1006 3000 tangeret
1044 2922 1188 2999 dixi,
1232 2922 1622 3001 admotumque
1663 2925 1768 2982 iam
1796 2922 1965 2983 labris
1996 2922 2264 3000 poculum

245 3005 521 3067 5reddidi.
589 3004 791 3066 Postea
830 3022 956 3065 cum
994 3007 1303 3066 vicensimo
1343 3005 1671 3066 valetudinis
1715 3006 1805 3065 die
1846 3005 2067 3066 balineo
2097 3023 2264 3083 prae-

288 3106 519 3166 pararer
547 3094 974 3167 mussantesque
1004 3088 1256 3149 medicos
1284 3099 1521 3168 repente
1560 3088 1859 3166 vidissem,
1903 3107 2125 3149 causam
2171 3106 2262 3148 re·

289 3173 505 3249 quisivi.
545 3170 976 3250 Responderunt
1002 3189 1177 3251 posse
1203 3191 1293 3232 me
1313 3182 1433 3233 tuto
1458 3174 1648 3250 lavari,
1680 3189 1794 3233 non
1823 3183 2006 3233 tamen
2035 3175 2260 3232 omnino
2279 3182 2353 3236 35

244 3257 412 3319 fisine
450 3253 630 3332 aliqua
673 3257 1003 3334 suspitione.
1070 3254 1262 3328 ‘Quid’
1306 3259 1527 3334 inquam
1569 3263 1837 3318 ‘necesse
1879 3253 2046 3317 est?’
2089 3265 2265 3334 atque

267 3342 363 3403 ‘ita
390 3354 495 3415 spe
525 3336 760 3413 balinei,
805 3341 894 3396 cui
922 3341 1029 3397 iam
1053 3338 1286 3399 videbar
1311 3340 1536 3414 inferri,
1582 3338 1799 3418 placide
1829 3340 2144 3418 leniterque
2177 3338 2263 3398 di-

291 3424 458 3480 missa
486 3418 555 3479 ad
585 3420 970 3482 abstinentiam
1000 3440 1215 3500 rursus,
1247 3439 1358 3483 non
1388 3439 1554 3484 secus
1574 3441 1642 3497 ac
1671 3422 1836 3483 modo
1878 3423 1947 3485 ad
1980 3422 2264 3485 balineum

2281 1947 2351 1999 20
