2467 3850
302 130 452 212 2262
1177 131 1244 193 o.
1281 128 1474 194 rum

329 287 607 346 timentur.
660 283 828 344 Tuam
861 285 1221 346 securitatem
1249 302 1361 344 non
1389 301 1542 344 mora
1567 284 1914 362 nuntiorum,
1962 301 2077 345 non
2102 285 2303 347 littera-

328 388 450 430 rum
482 370 708 431 tarditas
733 368 934 429 differt.
976 369 1103 429 Scis
1134 369 1236 428 tibi
1265 369 1474 447 ubique
1504 370 1700 444 iurari,
1734 386 1859 427 cum
1888 371 2017 447 ipse
2043 372 2303 431 iuraveris

327 453 605 514 omnibus.
669 451 849 512 Nemo
888 454 998 511 hoc
1028 453 1135 512 sibi
1163 471 1275 512 non
1305 459 1567 529 praestat.
1630 451 1890 512 Amamus
1921 452 2144 531 quidem
2168 463 2223 514 te
2251 456 2305 513 in

330 546 592 616 quantum
618 538 882 604 mereris;
917 534 1062 595 istud
1080 545 1263 595 tamen
1283 553 1396 595 non
1415 538 1495 594 tui
1517 534 1751 598 facimus
1777 552 1966 595 amore
1988 536 2093 597 sed
2112 540 2303 614 nostri,

329 639 437 680 nec
474 638 731 698 umquam
770 618 1082 692 inlucescat
1130 619 1254 679 dies
1296 636 1407 697 quo
1451 635 1556 696 pro
1600 628 1658 679 te
1701 628 1989 697 nuncupet
2026 631 2157 681 vota
2196 632 2351 683 non5

329 703 536 765 utilitas
566 711 757 763 nostra
775 702 879 763 sed
898 703 1060 780 fides,
1087 701 1314 763 Caesar.
1350 701 1552 782 Turpis
1574 702 1751 763 tutela
1772 704 2040 782 principis
2067 707 2158 764 cui
2183 715 2305 783 pot-

330 797 419 849 est
454 788 709 866 inputari.
768 785 943 858 Queri
981 785 1122 847 libet
1151 788 1301 866 quod
1340 789 1395 846 in
1424 796 1651 846 secreta
1675 796 1867 846 nostra
1895 804 2005 847 non
2035 789 2307 866 inquirant

326 872 616 951 principes
644 873 750 931 nisi
780 888 922 948 quos
953 870 1189 929 odimus·
1230 868 1373 929 Nam
1394 872 1441 929 si
1464 869 1662 931 eadem
1684 888 1818 929 cura
1840 871 2001 930 bonis
2030 889 2172 949 quae
2200 890 2316 942 ma-„

327 955 399 1016 lis
427 963 607 1031 esset,
640 972 802 1033 quam
832 953 1039 1031 ubique
1069 954 1485 1013 admirationem
1516 955 1616 1031 tui,
1648 954 1798 1031 quod
1826 954 2084 1030 gaudium
2099 954 2308 1016 exulta·

327 1041 650 1117 tionemque
684 1037 1171 1117 deprehenderes!
1202 1054 1346 1117 quos
1378 1040 1618 1097 omnium
1642 1056 1767 1097 cum
1792 1039 2123 1115 coniugibus
2147 1057 2214 1098 ac
2241 1038 2307 1098 li·
2327 1051 2383 1102 10

334 1123 511 1200 beris,
531 1140 673 1201 quos
688 1123 854 1182 etiam
870 1139 994 1181 cum
1012 1120 1338 1182 domesticis
1361 1123 1470 1181 aris
1490 1120 1751 1200 focisque
1770 1121 2085 1182 sermones!
2117 1123 2310 1183 Scires

329 1309 439 1369 que
472 1291 745 1349 contraria
760 1334 778 1365 ,
809 1288 922 1349 hoc
944 1308 1214 1369 perquam
1236 1288 1418 1349 simile
1441 1289 1647 1350 habent
1669 1288 1819 1367 quod
1842 1290 1918 1348 ihi
1939 1290 2311 1367 intemperan-

226 1372 310 1438 69
329 1377 440 1434 tius
469 1390 711 1432 amamus
742 1372 921 1432 bonos
952 1376 1275 1451 principes,
1315 1373 1410 1432 ubi
1442 1372 1675 1433 liberius
1702 1371 1877 1432 malos
1909 1371 2143 1432 odimus.
2201 1371 2311 1432 Ce-

330 1458 463 1537 pisti
504 1465 690 1515 tamen
725 1465 783 1515 et
811 1456 1067 1517 adfectus
1095 1459 1275 1522 nostri
1304 1467 1362 1516 et
1395 1456 1585 1515 iudicii
1617 1458 2092 1534 experimentum,
2136 1474 2307 1534 quan·
2329 1468 2384 1519 15
2438 1493 2439 1528 ι

331 1550 447 1600 tum
475 1541 771 1598 maximum
792 1556 1064 1616 praesens
1099 1557 1308 1617 capere
1342 1541 1608 1620 potuisti,
1640 1538 1742 1598 illo
1769 1540 1860 1599 die
1893 1557 2006 1618 quo
2037 1539 2311 1600 sollicitu-

331 1622 443 1683 dini
487 1623 798 1702 pudorique
829 1624 1245 1684 candidatorum
1274 1626 1350 1684 ita
1384 1623 1716 1684 consuluisti
1746 1642 1817 1683 ne
1850 1623 2018 1684 ullius
2048 1623 2314 1700 gaudium

329 1706 560 1768 alterius
590 1709 809 1767 tristitia
834 1709 1100 1768 turbaret.
1141 1706 1257 1767 Alii
1287 1725 1414 1767 cum
1436 1708 1667 1783 laetitia,
1699 1706 1791 1766 alii
1824 1725 1949 1766 cum
1978 1725 2085 1785 spe
2113 1725 2313 1768 reces-

329 1800 553 1852 serunt:
588 1791 772 1852 multis
804 1791 1220 1868 gratulandum,
1251 1809 1418 1851 nemo
1447 1790 1821 1851 consolandus
1852 1790 1973 1850 fuit.
2027 1790 2151 1850 Nec
2182 1790 2315 1851 ideo

328 1877 560 1953 segnius
591 1877 826 1936 iuvenes
850 1885 1074 1937 nostros
1104 1875 1427 1936 exhortatus
1451 1895 1515 1936 es
1539 1884 1791 1936 senatum
1814 1876 2190 1952 circumirent,
2220 1892 2314 1935 se·
2332 1885 2396 1938 20

327 1962 479 2020 natui
507 1960 922 2040 supplicarent,
967 1969 1137 2039 atque
1166 1963 1244 2019 ita
1262 1978 1302 2019 a
1334 1962 1588 2038 principe
1619 1969 1913 2037 sperarent
1940 1960 2222 2036 honoreS,
2265 1962 2317 2021 si

329 2061 361 2102 a
393 2053 588 2104 senatu
618 2046 917 2121 petissent.
957 2043 1083 2116 Quo
1112 2044 1337 2123 quidem
1365 2046 1420 2103 in
1444 2044 1574 2104 loco
1593 2089 1610 2120 ,
1643 2046 1691 2104 si
1724 2043 1924 2120 quibus
1948 2060 2092 2120 opus
2123 2061 2318 2103 exem·

328 2126 464 2206 plo,
497 2127 753 2188 adiecisti
783 2138 843 2188 ut
871 2139 927 2189 te
957 2130 1316 2188 imitarentur.
1372 2127 1656 2203 Arduum,
1702 2125 1949 2203 Caesar,
1993 2127 2320 2205 exemplum

329 2219 390 2270 et
432 2208 585 2288 quod
627 2212 823 2271 imitari
862 2230 973 2272 non
1001 2214 1178 2289 magis
1206 2214 1496 2291 quisquam
1524 2210 1933 2270 candidatorum
1968 2228 2132 2289 quam
2163 2212 2320 2289 prin-

329 2294 518 2370 cipum
545 2296 743 2371 possit.
788 2294 926 2367 Quis
954 2296 1100 2355 enim
1120 2294 1214 2354 vel
1247 2313 1356 2354 uno
1384 2296 1476 2355 die
1498 2297 1849 2354 reverentior
1875 2302 2103 2354 senatus
2128 2294 2320 2354 candi·
2336 2305 2401 2356 25

328 2375 489 2437 datus
519 2394 680 2454 quam
709 2385 768 2434 tu
788 2422 805 2453 ,
838 2397 964 2437 cum
993 2382 1137 2438 omni
1167 2381 1281 2441 vita
1315 2388 1428 2438 tum
1458 2377 1556 2437 illo
1586 2381 1713 2457 ipso
1746 2387 2000 2455 tempore
2030 2395 2142 2455 quo
2173 2378 2321 2437 iudi·

328 2477 426 2519 cas
455 2459 526 2517 de
558 2458 905 2520 candidatis?
942 2461 1032 2520 An
1060 2462 1206 2521 aliud
1239 2481 1271 2521 a
1301 2472 1356 2522 te
1386 2481 1548 2540 quam
1575 2473 1803 2523 senatus
1825 2463 2143 2521 reverentia
2168 2461 2323 2521 obti-

322 2545 441 2604 nuit
481 2553 540 2603 ut
582 2543 876 2604 iuvenibus
911 2544 1250 2605 clarissimae
1280 2549 1467 2623 gentis
1499 2546 1746 2606 debitum
1777 2546 1975 2622 generi
2015 2544 2320 2622 honorem,

325 2627 431 2688 sed
452 2638 579 2688 ante
611 2645 773 2705 quam
798 2628 1136 2706 deberetur,
1169 2626 1449 2691 offerres?
1487 2629 1731 2689 Tandem
1756 2646 1896 2705 ergo
1916 2627 2180 2689 nobilitas
2204 2646 2326 2688 non

326 2713 694 2789 obscuratur,
726 2711 830 2772 sed
863 2713 1185 2773 inlustratur
1212 2732 1245 2773 a
1272 2715 1561 2792 principe:
1594 2713 1816 2773 tandem
1843 2712 1971 2772 illos
2006 2713 2407 2788 ingentium30

321 2799 568 2856 virorum
589 2806 830 2873 nepotes
849 2842 866 2873 ,
898 2796 1029 2857 illos
1054 2807 1318 2875 posteros
1343 2796 1614 2857 libertatis
1641 2816 1751 2857 nec
1775 2805 1949 2856 terret
1972 2793 2184 2855 Caesar
2206 2814 2324 2856 nec

325 2890 522 2955 pavet;
576 2883 709 2958 quin
755 2881 918 2939 immo
960 2881 1239 2941 festinatis
1276 2879 1582 2941 honoribus
1615 2880 1915 2959 amplificat
1941 2888 2112 2956 atque
2141 2889 2325 2956 auget

326 2970 386 3019 et
421 2964 721 3023 maioribus
762 2965 880 3024 suis
921 2962 1123 3025 reddit.
1186 2966 1247 3023 Si
1283 2963 1415 3043 quid
1441 2982 1674 3042 usquam
1703 2966 1895 3040 stirpis
1925 2966 2225 3040 antiquae,
2270 2964 2325 3023 si

327 3043 459 3119 quid
484 3047 744 3105 residuae
776 3047 1043 3108 claritatis
1062 3093 1080 3124 ,
1127 3048 1237 3107 hoc
1268 3047 1619 3124 amplexatur
1646 3056 1703 3106 et
1732 3048 1957 3107 refovet
1991 3054 2050 3105 et
2076 3048 2130 3105 in
2151 3064 2331 3106 usum¹

322 3127 407 3183 rei
436 3126 697 3203 pubIIeae
729 3132 953 3206 promit.
1010 3131 1196 3189 Sunt
1180 3151 1234 3189 ιιι
1264 3131 1480 3190 honore
1508 3131 1788 3190 hominnm
1819 3140 1877 3190 et
1902 3133 1956 3189 in
1986 3130 2204 3189 honore
2238 3129 2325 3191 fa·
2343 3139 2414 3192 35

323 3224 445 3265 mae
476 3226 674 3284 magna
698 3215 918 3272 nomina
953 3232 1036 3272 ex
1058 3216 1310 3274 tenebris
1343 3214 1639 3274 oblivionis
1661 3213 2003 3291 indulgentia
2026 3210 2324 3291 GaesariS,

226 3288 307 3351 70
330 3291 488 3348 cuius
514 3290 626 3348 hoc
656 3303 742 3351 est
768 3303 826 3352 ut
850 3295 1072 3356 nobiles
1098 3305 1156 3355 et
1181 3307 1485 3357 conservet
1504 3307 1560 3358 et
1580 3296 1803 3359 efficiat.
1836 3297 2158 3357 Praefuerat
2183 3313 2329 3374 pro-

323 3370 542 3429 vinciae
568 3382 831 3447 quaestor
856 3395 996 3438 unus
1026 3397 1099 3438 ex
1129 3380 1455 3460 candidatis,
1485 3384 1652 3460 inque
1674 3399 1741 3442 ea
1770 3383 2010 3442 civitatis
2038 3379 2329 3459 amplissi-
