2467 3850
326 142 445 206 192
1161 141 1229 202 C.
1274 141 1465 202 PLINI

322 296 574 372 signiter.
615 293 782 367 Quod
805 296 1027 355 intuens
1052 312 1164 372 ego
1186 296 1357 355 variis
1380 311 1470 353 me
1489 293 1793 354 studiorum
1820 294 2147 370 generibus,
2171 294 2308 353 nulli

270 395 304 445 2
324 381 461 439 satis
493 379 761 453 confisus,
795 382 1076 457 experior.
1134 378 1375 437 Proinde
1408 396 1535 437 cum
1563 377 1674 438 hoc
1700 375 1797 437 vel
1825 377 1961 436 illud
1993 378 2190 454 leges,
2235 380 2310 439 ita

323 460 561 538 singulis
600 464 818 522 veniam
857 471 916 521 ut
954 480 1068 522 non
1107 460 1344 538 singulis
1375 460 1549 521 dabis.
1608 461 1698 520 An
1728 462 1938 522 ceteris
1965 462 2178 522 artibus
2209 480 2308 521 ex·

324 547 540 605 cusatio
570 546 625 604 in
653 563 917 627 numero2
939 546 1140 606 litteris
1172 545 1363 604 durior
1390 543 1508 622 lex,
1538 547 1596 604 in
1626 546 1827 623 quibus
1858 544 2141 605 difficilior
2168 545 2308 604 effe·

322 639 450 689 ctus
491 626 619 689 est?
673 629 820 702 Quid
860 638 1044 689 autem
1083 646 1194 705 ego
1234 629 1306 689 de
1347 630 1511 687 venia
1552 630 1712 706 quasi
1748 626 2038 705 ingratus?
2090 625 2233 687 Nam
2261 630 2360 701 si5

322 731 391 772 ea
433 712 701 773 facilitate
743 715 995 792 proxima
1031 715 1329 791 acceperis
1372 730 1481 791 qua
1518 715 1738 791 priora,
1784 711 1906 771 laus
1945 712 2134 790 potius
2176 729 2309 789 spe-

322 796 491 856 randa
532 814 695 874 quam
731 800 896 857 venia
937 796 1290 857 obsecranda
1327 804 1434 857 est.
1499 794 1635 855 Mihi
1675 806 1862 856 tamen
1887 797 2050 856 venia
2078 795 2307 856 sufficit.
2451 796 2454 885 4

318 879 478 940 Vale.
2453 908 2456 1043 4

1230 1012 1408 1074 XXX.
2327 1062 2391 1115 10

879 1114 932 1166 e.
971 1112 1220 1165 Pmes
1258 1113 1500 1164 GEMmo
1538 1112 1658 1164 suo
1695 1113 1749 1166 S.

276 1235 303 1285 1
445 1216 657 1277 Laudas
698 1216 830 1275 mihi
871 1223 929 1276 et
966 1215 1298 1295 frequenter
1339 1233 1612 1294 praesens
1642 1223 1699 1276 et
1725 1232 1873 1278 nunc
1901 1233 2008 1295 per
2036 1214 2312 1293 epistulas

326 1300 567 1361 Nonium
610 1309 799 1377 tuum,
843 1301 994 1378 quod
1038 1304 1110 1360 sit
1152 1299 1402 1360 liberalis
1444 1300 1501 1359 in
1534 1298 1830 1378 quosdam:
1877 1308 1935 1359 et
1963 1301 2091 1378 ipse
2120 1298 2309 1374 laudo,
2453 1256 2459 1433 ι

326 1388 375 1446 si
402 1395 587 1445 tamen
617 1401 728 1444 non
758 1386 812 1443 in
841 1385 947 1444 hos
978 1383 1157 1444 solos.
1200 1383 1351 1443 Volo
1381 1385 1525 1444 enim
1560 1401 1688 1443 eum
1718 1385 1812 1462 qui
1841 1384 1914 1443 sit
1940 1401 2078 1444 vere
2106 1382 2314 1443 libera·

325 1470 396 1528 lis
427 1470 671 1529 tribuere
701 1471 947 1546 patriae,
981 1470 1345 1547 propinquis,
1374 1466 1681 1545 adfinibus,
1712 1468 1938 1544 amicis,
1982 1466 2087 1528 sed
2118 1468 2313 1527 amicis
2331 1473 2391 1526 15

328 1553 457 1614 dico
489 1552 864 1632 pauperibus,
897 1570 1006 1612 non
1039 1561 1098 1612 ut
1127 1553 1219 1611 isti
1253 1553 1348 1630 qui
1377 1552 1444 1609 iis
1473 1552 1823 1629 potissimum
1849 1551 2053 1611 donant
2084 1552 2180 1629 qui
2214 1550 2314 1610 do·
2453 1566 2461 1617 t,

278 1652 460 1702 2nare
491 1638 727 1697 maxime
748 1645 1006 1714 possunt.
1059 1635 1179 1695 Hos
1209 1652 1323 1713 ego
1352 1636 1584 1695 viscatis
1615 1634 1959 1714 hamatisque
1988 1635 2315 1694 muneribus

328 1739 441 1781 non
481 1739 582 1781 sua
618 1737 880 1798 promere
919 1729 1057 1798 puto
1089 1719 1192 1779 sed
1220 1719 1401 1779 aliena
1432 1721 1743 1797 corripere.
1813 1719 1953 1778 Sunt
1981 1720 2207 1797 ingenio
2238 1719 2316 1777 si·

328 1805 443 1864 mili
475 1806 568 1883 qui
599 1804 750 1883 quod
785 1803 917 1863 huic
946 1802 1152 1864 donant
1189 1803 1449 1863 auferunt
1491 1802 1571 1862 illi
1611 1802 1923 1881 famamque
1961 1801 2314 1863 liberalitatis

278 1901 312 1954 3
330 1891 555 1950 avaritia
592 1898 805 1967 petunt.
867 1887 1105 1948 Primum
1136 1896 1226 1949 est
1255 1897 1440 1949 autem
1468 1904 1572 1947 suo
1603 1904 1736 1948 esse
1770 1896 2126 1965 contentum,
2159 1886 2395 1950 dein-20

331 1974 436 2051 de,
483 1992 625 2052 quos
667 1975 974 2052 praecipue
1018 1976 1168 2033 scias
1195 1972 1451 2049 indigere
1482 1981 1884 2032 sustentantem
1912 1971 2315 2049 foventemque

332 2059 474 2118 orbe
511 2056 748 2136 quodam
789 2059 1075 2117 societatis
1106 2057 1334 2117 ambire.
1396 2054 1556 2128 Quae
1582 2063 1784 2116 cuncta
1810 2056 1860 2114 si
1895 2054 2029 2116 facit
2057 2057 2189 2132 iste,
2220 2073 2316 2115 us-

334 2159 670 2219 quequaque
700 2139 1003 2200 laudandus
1035 2149 1150 2209 est;
1181 2143 1230 2199 si
1253 2156 1420 2199 unum
1450 2138 1682 2219 aliquid,
1714 2141 1894 2199 minus
1923 2138 2166 2218 quidem,
2196 2138 2317 2198 lau-

281 2223 543 2287 4dandus
573 2234 774 2283 tamen.
838 2221 971 2281 Tam
1013 2240 1198 2282 rarum
1237 2230 1327 2284 est
1369 2225 1535 2284 etiam
1576 2223 1926 2303 inperfectae
1965 2221 2316 2283 liberalitatis

334 2306 640 2384 exemplar.
684 2305 768 2365 Ea
800 2308 1001 2366 invasit
1030 2305 1282 2366 homines
1312 2307 1552 2367 habendi
1583 2308 1789 2386 cupido
1818 2316 1879 2367 ut
1899 2307 2181 2387 possideri
2201 2311 2395 2365 ma-25

333 2390 423 2465 gis
453 2407 613 2465 quam
641 2389 939 2467 possidere
961 2389 1269 2450 videantur.
1330 2389 1490 2452 Vale.

1216 2522 1425 2583 XXXI.

846 2645 849 2650 -
903 2622 954 2671 G.
992 2623 1243 2674 PL1N11JS
1276 2624 1491 2675 SARDo
1529 2623 1647 2675 sno
1679 2622 1729 2676 s,

288 2738 317 2786 1
464 2724 764 2804 Postquam
801 2743 834 2785 a
873 2736 933 2786 te
973 2727 1224 2803 recessi,
1277 2743 1393 2787 non
1432 2730 1609 2787 minus
1650 2736 1837 2787 tecum
1877 2743 2039 2804 quam
2081 2743 2208 2785 cum
2245 2724 2395 2791 ad3o

336 2821 392 2871 te
423 2809 520 2870 fui.
566 2807 706 2887 Legi
737 2813 883 2869 enim
912 2809 1110 2871 librum
1139 2820 1292 2870 tuum
1310 2856 1328 2887 ‚
1351 2810 1654 2871 identidem
1680 2820 1951 2888 repetens
1982 2828 2049 2869 ea
2076 2812 2316 2871 maxime

338 2896 480 2973 (non
513 2897 659 2953 enim
688 2896 951 2973 mentiar)
1000 2912 1141 2972 quae
1178 2894 1249 2954 de
1281 2912 1370 2954 me
1405 2894 1700 2972 scripsisti.
1754 2893 1816 2953 In
1861 2892 2062 2973 quibus
2092 2894 2320 2972 quidem

336 2980 715 3057 percopiosus
746 2979 918 3038 fuisti.
962 2976 1137 3049 Quam
1164 2978 1357 3053 multa,
1390 2995 1553 3057 quam
1579 2979 1751 3053 varia,
1787 2995 1948 3056 quam
1975 2995 2089 3038 non
2119 2976 2321 3038 eadem

285 3073 319 3121 2
337 3062 408 3120 de
432 3061 634 3121 eodem
662 3078 771 3120 nec
800 3071 983 3121 tamen
1011 3060 1235 3122 diversa
1266 3062 1477 3121 dixisti!
1512 3059 1755 3122 Laudem
1782 3063 1994 3140 pariter
2022 3071 2080 3120 et
2108 3063 2317 3138 gratias

336 3139 536 3219 agam?
566 3141 837 3202 Neutrum
866 3145 1001 3205 satis
1032 3162 1288 3223 possum,
1320 3154 1378 3204 et
1406 3146 1453 3205 si
1484 3162 1745 3223 possem,
1776 3146 2030 3205 timerem
2059 3143 2138 3204 ne'
2162 3162 2314 3204 arro-
2330 3150 2396 3206 35

337 3243 477 3302 gans
523 3232 678 3284 esset
708 3226 782 3285 ob
810 3245 877 3285 ea
910 3226 1135 3288 laudare
1165 3230 1240 3289 ob
1276 3246 1420 3307 quae
1447 3230 1653 3306 gratias
1681 3246 1927 3307 agerem.
1971 3227 2152 3287 Unum
2180 3227 2319 3289 illud

340 3305 565 3382 addam,
597 3309 778 3365 omnia
803 3310 937 3368 mihi
974 3319 1125 3371 tanto
1156 3310 1521 3372 laudabiliora
1559 3314 1681 3374 visa
1724 3321 1930 3391 quanto
1964 3312 2314 3388 iucundiora,

343 3399 401 3448 et
430 3397 580 3449 tanto
611 3389 936 3451 iucundiora
965 3402 1169 3471 quanto
1200 3393 1562 3457 laudabiliora
1595 3406 1765 3458 erant.
1828 3395 1987 3456 Vale.
