2467 3850
328 187 410 249 92
441 195 452 202 ‘
1165 186 1231 248 C.
1272 186 1463 250 PLINI

328 340 404 399 dit
436 338 606 398 multo
636 343 1129 418 ante-praesensit.
1189 340 1359 402 Visus
1400 349 1488 401 est
1524 339 1629 400 sibi
1659 355 1765 417 per
1798 347 2121 399 nocturnam
2151 340 2309 417 quie-

326 435 438 483 tem
467 425 654 482 iacere
690 426 745 483 in
773 423 986 484 lectulo
1016 443 1121 485 suo
1156 426 1502 503 compositus
1532 425 1588 482 in
1629 422 1819 484 habitu
1860 422 2167 498 studentis,
2215 421 2312 481 ha-

328 507 470 570 bere.
499 516 626 567 ante
671 526 736 568 se
778 510 1043 569 scrinium
1083 508 1192 587 (lta
1229 508 1509 586 solebat):
1557 524 1689 566 mox
1728 509 2055 583 imaginatus
2086 515 2176 566 est
2209 523 2310 564 ve-

325 592 477 650 nisse
511 588 828 668 Neronem,
859 593 912 650 in
943 602 1068 652 toro
1100 591 1422 669 resedisse,
1459 591 1809 669 prompsisse
1840 592 2070 668 primum
2106 588 2311 648 librum

325 691 491 752 quem
515 673 586 733 de
620 673 935 735 sceleribus
966 677 1087 736 eius
1119 674 1371 735 ediderat
1398 692 1639 753 eumque
1679 674 1748 733 ad
1784 682 2091 733 extremum
2117 671 2310 732 revol-
2326 686 2369 755 5-

274 759 501 834 (ivisse,
529 757 676 818 idem
709 759 765 817 in
795 759 1049 819 secundo
1076 777 1143 818 ac
1173 761 1339 819 tertio
1369 757 1605 834 fecisse,
1638 766 1770 817 tunc
1801 758 2011 818 abisse.
2064 755 2311 835 Expavit

327 850 385 901 et
408 842 490 901 sic
520 842 916 919 interpretatus
946 851 1066 918 est,
1107 851 1383 921 tamquam
1411 842 1560 901 idem
1595 841 1700 900 sibi
1736 841 1952 900 futurus
1979 849 2136 900 esset
2168 839 2309 900 scri-

275 930 305 984 7
327 924 494 984 bendi
529 925 651 984 finis
683 927 776 1001 qui
806 925 1005 985 fuisset
1039 926 1119 984 illi
1150 925 1412 1003 legendi,
1457 935 1515 985 et
1546 924 1648 984 fuit
1679 925 1843 984 idem.
1899 923 2063 995 Quod
2091 940 2184 983 me
2217 941 2309 982 re-

326 1006 646 1067 cordantem
688 1010 969 1070 miseratio
1012 1010 1161 1069 subit
1203 1018 1464 1089 quantum
1494 1008 1827 1086 vigiliarum,
1861 1017 2120 1086 qnantum
2148 1006 2309 1066 labo-

322 1093 400 1151 ris
430 1091 752 1151 exhauserit
785 1092 1010 1153 frustra.
1067 1092 1378 1154 Occursant
1408 1093 1589 1152 animo
1627 1109 1750 1152 mea
1792 1090 2130 1168 mortalitas,
2183 1104 2394 1156 meam
2460 1107 2461 1152 1

324 1176 551 1254 scripta.
615 1174 738 1236 Nec
768 1175 958 1238 dubito
992 1186 1049 1236 te
1083 1194 1310 1254 quoque
1347 1175 1544 1237 eadem
1584 1177 1924 1253 cogitatione
1960 1176 2160 1234 terreri
2201 1191 2309 1252 pro
2460 1193 2461 1196 ¹

272 1260 444 1320 Sistis
495 1276 637 1337 quae
688 1261 832 1319 inter
880 1279 1071 1320 manus
1120 1260 1316 1320 habes.
1378 1259 1650 1337 Proinde,
1707 1259 1833 1317 dum
1878 1258 2127 1338 suppetit
2169 1260 2308 1336 vita,

326 1344 594 1402 enitamur
621 1352 680 1404 ut
713 1361 863 1412 mors
896 1362 1058 1424 quam
1098 1344 1435 1424 paucissima
1474 1361 1617 1422 quae
1653 1342 1886 1404 abolere
1926 1343 2108 1422 possit
2148 1343 2307 1404 inve-

323 1427 451 1485 niat.
509 1425 672 1488 Vale.

1264 1560 1342 1620 VI
2330 1519 2389 1570 15

654 1658 708 1713 C.
746 1657 992 1711 PLINIUS
1028 1657 1298 1711 DOMITIO
1330 1660 1721 1712 APOLLINARI
1756 1658 1875 1711 SUO
1914 1658 1966 1711 S.

250 1772 304 1822 ·1
444 1759 638 1819 Amavi
670 1779 855 1821 curam
886 1771 944 1821 et
980 1761 1415 1824 sollicitudinem
1444 1772 1626 1839 tuam,
1673 1763 1854 1841 quod,
1900 1780 2023 1821 cum
2046 1761 2307 1822 audisses

325 1861 413 1903 me
438 1853 653 1905 aestate
688 1843 907 1906 Tuscos
940 1864 1098 1906 meos
1127 1848 1466 1925 petiturum,
1500 1865 1570 1906 ne
1601 1846 1848 1905 facerem
1880 1848 2137 1922 suasisti,
2172 1846 2305 1905 dum

270 1938 480 2006 2putas
519 1930 852 1992 insalubres.
906 1929 1011 1991 Est
1053 1948 1186 1990 sane
1228 1933 1416 2007 gravis
1465 1940 1521 1990 et
1551 1931 1826 2010 pestilens
1859 1947 1954 1990 ora
1988 1927 2390 1991 Tuscorum20

326 2030 468 2091 quae
507 2030 611 2091 per
649 2013 780 2075 litus
825 2014 1166 2074 extenditur:
1215 2015 1320 2073 sed
1361 2014 1416 2073 hi
1446 2014 1645 2093 procul
1688 2034 1720 2074 a
1748 2016 1880 2075 mari
1911 2023 2304 2090 recesserunt,

272 2099 652 2176 3quin·etiam
679 2096 1050 2175 Appennino,
1091 2094 1459 2158 saluberrimo
1485 2100 1781 2175 montium,
1811 2099 2120 2158 subiacent.
2187 2098 2306 2157 Ad·
2419 2167 2423 2170 y

324 2198 435 2257 que
456 2179 598 2239 adeo
633 2187 692 2238 ut
716 2197 933 2238 omnem
967 2197 1070 2257 pro
1112 2197 1202 2239 me
1236 2190 1441 2240 metum
1470 2199 1683 2260 ponas,
1727 2184 1925 2260 accipe
1967 2183 2308 2259 temperiem

325 2261 501 2338 caeli,
541 2264 790 2338 regionis
821 2264 1019 2338 situm,
1064 2261 1231 2325 villae
1260 2267 1680 2333 amoenitatem
1723 2283 1865 2342 quae
1897 2276 1953 2326 et
1980 2266 2080 2325 tibi
2112 2265 2304 2325 auditu

273 2355 307 2408 4
324 2353 381 2405 et
408 2344 538 2402 mihi
567 2343 747 2404 relatu
770 2344 1005 2406 iucunda
1027 2353 1203 2406 erunt.
1252 2344 1483 2408 Caelum
1513 2360 1601 2409 est
1629 2349 1811 2409 hieme
1836 2349 2094 2426 frigidum
2117 2358 2174 2409 et
2199 2367 2304 2425 ge·
2322 2349 2392 2402 25

325 2426 523 2494 lidum;
569 2437 780 2501 myrtos
817 2428 1009 2506 oleas,
1054 2448 1313 2509 quaeque
1354 2432 1459 2491 alia
1499 2433 1731 2493 adsiduo
1773 2441 1974 2512 tepore
2005 2431 2304 2508 laetantur,

320 2519 648 2587 aspernatur
676 2529 742 2570 ac
782 2516 1028 2591 respuit;
1073 2512 1285 2574 laurum
1319 2525 1500 2576 tamen
1542 2519 1745 2595 patitur
1772 2526 1940 2594 atque
1976 2518 2141 2576 etiam
2176 2518 2306 2575 niti-

323 2593 600 2653 dissimam
633 2595 882 2673 profert,
927 2598 1236 2676 interdum,
1286 2598 1390 2658 sed
1429 2617 1541 2660 non
1581 2603 1806 2678 saepius
1838 2618 2000 2678 quam
2029 2600 2135 2660 sub
2159 2601 2308 2660 urbe

270 2685 506 2740 5nostra
544 2689 729 2739 necat.
780 2679 1028 2743 Aestatis
1059 2684 1194 2741 mira
1228 2683 1552 2744 clementia:
1589 2698 1817 2762 semper
1847 2692 1945 2743 aer
1975 2685 2171 2762 spiritu
2202 2683 2304 2743 ali-

321 2778 432 2839 quo
473 2771 755 2832 movetur;
811 2765 1160 2843 frequentius
1203 2774 1387 2827 tamen
1431 2785 1590 2827 auras
1645 2782 1807 2845 quam
1858 2777 2059 2827 ventos
2106 2767 2396 2832 habet.30

269 2843 459 2908 6Hinc
502 2866 671 2907 senes
709 2847 893 2908 multi:
944 2849 1136 2911 videas
1177 2868 1314 2910 avos
1345 2868 1703 2930 proavosque
1732 2852 1837 2910 iam
1869 2853 2161 2927 iuvenum,
2205 2869 2304 2910 au-

318 2927 435 2988 dias
449 2928 662 2992 sabulas
677 2942 904 2993 veteres
920 2951 1326 3012 sermonesque
1342 2937 1629 3012 maiorum,
1664 2952 1901 3011 cumque
1926 2936 2151 2995 veneris
2173 2934 2304 3012 illo,

268 3019 477 3089 7putes
508 3013 616 3073 alio
648 3024 705 3074 te
735 3017 967 3076 saeculo
993 3024 1198 3077 natum.
1242 3016 1516 3093 Regionis
1540 3018 1716 3078 forma
1738 3018 2132 3096 pulcherrima.
2156 3016 2305 3077 Ima-

316 3098 508 3173 ginare
539 3098 999 3176 amphitheatrum
1032 3100 1260 3179 aliquod
1289 3103 1599 3161 inmensum
1637 3112 1694 3161 et
1739 3100 1903 3179 quale
1947 3102 2069 3161 sola
2111 3119 2308 3161 rerum

317 3190 506 3240 natura
541 3184 723 3259 possit
762 3183 1067 3260 effingere:
1109 3183 1219 3243 lata
1263 3193 1321 3243 et
1351 3183 1550 3245 diffusa
1577 3185 1838 3264 planities
1868 3185 2148 3245 montibus
2181 3186 2300 3244 cin·
2321 3194 2396 3249 35
2460 3246 2461 3249 ,

316 3265 494 3341 gitur,
528 3274 747 3325 montes
781 3284 988 3326 summa
1019 3269 1104 3327 sui
1135 3276 1295 3344 parte
1327 3284 1564 3345 procera
1592 3285 1819 3328 nemora
1851 3278 1907 3327 et
1949 3271 2172 3345 antiqua
2201 3268 2303 3328 ha-

263 3348 465 3409 8bent.
503 3346 796 3427 Frequens
821 3349 897 3408 ibi
928 3358 985 3408 et
1014 3352 1164 3408 varia
1194 3352 1437 3410 venatio.
1507 3350 1644 3411 Inde
1679 3351 1925 3411 caeduae
1958 3350 2138 3413 silvae
2169 3370 2305 3412 cum

316 3433 443 3510 ipso
489 3441 675 3493 monte
717 3431 1097 3493 descendunt:
1149 3432 1250 3493 has
1286 3435 1432 3493 inter
1472 3436 1713 3513 pingues
1753 3436 2080 3513 terrenique
2111 3434 2302 3498 colles
