2467 3850
757 175 1287 249 PANEGYRICUS
1317 193 1404 248 47.
1420 193 1508 247 48.
1524 192 1612 248 49.
2049 183 2175 251 267

188 346 319 400 ante
345 347 405 398 te
422 382 440 414 ,
474 357 669 416 magna
697 349 829 417 post
866 348 957 415 te,
992 340 1140 399 iuxta
1166 346 1225 398 te
1254 345 1434 398 tamen
1465 338 1696 396 maxima
1723 337 1914 414 quies:
1967 345 2174 399 tantum

187 424 400 501 ubique
435 422 747 500 silentium,
790 433 899 484 tam
926 422 1071 483 altus
1100 422 1282 500 pudor
1312 431 1371 480 ut
1397 421 1466 480 ad
1505 437 1709 499 parvos
1740 429 1974 499 penates
2006 430 2065 481 et
2094 421 2171 482 la-

188 525 311 567 rem
354 516 647 584 angustum
691 524 764 566 ex
805 506 971 567 domo
1009 507 1280 584 principis
1324 505 1631 564 modestiae
1673 512 1730 563 et
1759 503 2170 582 tranquillitatis

192 590 452 670 exempla
476 590 804 650 referantur.
866 590 999 667 Ipse
1034 600 1218 650 autem
1248 597 1306 648 ut
1349 590 1570 665 excipis
1615 587 1835 648 omnes!
1892 597 1952 647 ut
1993 581 2272 666 expe-48

138 680 174 730 5
193 673 343 734 ctas!
392 683 452 733 ut
491 691 742 751 magnam
775 683 990 752 partem
1022 674 1235 733 dierum
1275 676 1420 733 inter
1436 681 1532 732 xtot
1564 673 1784 749 imperii
1817 690 1978 732 curas
2011 673 2172 750 quasi

188 775 295 836 per
323 762 494 818 otium
528 757 814 835 transigis!
858 757 1054 836 ltaque
1083 774 1195 818 non
1224 756 1316 816 alii
1347 766 1404 815 ct
1433 757 1680 831 attoniti,
1715 774 1823 816 nec
1857 765 1916 814 ut
1946 759 2170 834 pericu·

187 841 302 900 lum
331 844 529 919 capitis
560 842 756 901 adituri
787 841 1074 917 tarditate,
1129 840 1233 902 sed
1262 841 1450 900 securi
1482 848 1540 898 et
1562 838 1801 914 hilares,
1859 857 1984 898 cum
2017 857 2168 900 com·

185 924 410 984 modum
446 927 567 999 est,
603 927 984 986 convenimus.
1031 924 1104 985 Et
1132 923 1456 984 admittente
1486 925 1746 1000 principe
1777 923 2050 983 interdum
2079 933 2170 984 est

188 1008 401 1087 aliquid
433 1009 581 1087 quod
615 1027 721 1071 nos
752 1010 898 1069 domi
932 1011 1088 1088 quasi
1116 1010 1293 1084 magis
1323 1009 1704 1067 necessarium
1733 1016 1947 1075 teneat;
1997 1025 2167 1068 excu-

105 1102 174 1154 lo
189 1096 296 1153 sati
326 1111 553 1170 semper
582 1093 682 1153 tibi
709 1110 816 1152 nec
846 1110 1099 1172 umquam
1129 1092 1432 1152 excusandi
1467 1108 1675 1151 sumus.
1723 1091 1850 1150 Scis
1882 1092 2028 1151 enim
2059 1091 2171 1151 sibi

190 1194 471 1255 quemque
499 1186 787 1254 praestare
820 1177 969 1255 quod
1000 1186 1056 1237 te
1086 1176 1309 1252 videat,
1355 1174 1505 1253 quod
1537 1175 1888 1253 frequentem
1916 1192 1983 1233 ac
2010 1184 2163 1235 tanto

188 1259 479 1320 liberalius
509 1278 575 1320 ac
602 1260 801 1320 diutius
831 1260 1134 1338 voluptatis
1164 1260 1329 1320 huius
1355 1260 1574 1338 copiam
1600 1258 1864 1337 praebes.
1927 1256 2051 1318 Nec
2081 1276 2168 1319 sa·

187 1343 487 1405 lutationes
518 1354 639 1405 tuas
681 1344 813 1421 fuga
845 1354 903 1404 et
933 1347 1163 1405 vastitas
1194 1345 1463 1421 sequitur.
1522 1341 1916 1419 Remoramur,
1949 1343 2169 1403 resisti·

189 1446 311 1487 mus
329 1474 346 1504 ,
380 1430 517 1487 utin
542 1429 816 1488 communi
849 1427 1012 1488 domo
1030 1473 1048 1505 ,
1080 1445 1243 1506 quam
1264 1445 1445 1505 nuper
1476 1425 1572 1485 illa
1601 1428 1970 1486 inmanissima
2000 1425 2169 1487 belua

102 1514 172 1565 15
190 1510 427 1589 plurimo
468 1522 687 1571 terrore
732 1514 1032 1586 munierat,
1086 1528 1212 1569 cum
1250 1509 1408 1570 velut
1450 1509 1688 1587 quodam
1728 1528 1905 1588 specu
1950 1509 2171 1570 inclusa

186 1613 336 1664 nunc
378 1598 816 1675 propinquorum
858 1596 1185 1671 sanguinem
1226 1593 1499 1654 lamberet
1544 1612 1689 1653 nunc
1732 1613 1797 1654 se
1825 1593 1894 1653 ad
1924 1594 2170 1655 clarissi-

185 1696 403 1738 morum
427 1681 628 1739 civium
658 1686 879 1754 strages
904 1677 1226 1754 caedesque
1259 1676 1560 1752 proferret.
1602 1675 2057 1748 obversabantur
2083 1677 2170 1737 fo·

184 1763 342 1822 ribus
383 1763 584 1822 horror
626 1772 683 1822 et
722 1763 899 1821 minae
935 1770 991 1820 et
1031 1778 1132 1838 par
1159 1767 1343 1819 metus
1373 1758 1627 1826 admissis
1656 1767 1713 1818 et
1747 1757 2014 1820 exclusis.
2080 1758 2171 1821 Ad

183 1845 298 1906 hoc
322 1848 446 1922 ipse
467 1863 711 1904 occursu
735 1861 961 1922 quoque
984 1846 1221 1922 visuque
1246 1840 1542 1927 terribilis:
1576 1842 1841 1919 superbia
1875 1844 1930 1900 in
1962 1842 2167 1919 fronte,

94 1932 267 1990 20ira
306 1933 361 1989 in
401 1930 614 2005 oculis,
667 1930 942 1988 femineus
981 1928 1164 2006 pallor
1204 1930 1261 1988 in
1291 1944 1569 2007 corpore,
1623 1929 1680 1985 in
1714 1943 1814 1986 ore
1848 1927 2170 2004 inpudentia

182 2012 360 2072 multo
390 2013 594 2073 rubore
625 2011 852 2073 suffusa.
922 2010 1048 2071 Non
1078 2013 1229 2072 adire
1260 2010 1570 2090 quisquam,
1605 2028 1717 2069 non
1744 2009 1973 2086 adloqui
2001 2010 2169 2069 aude·

183 2097 283 2159 bat
311 2095 571 2156 tenebras
613 2113 839 2173 semper
877 2105 1274 2174 secretumque
1317 2103 1631 2174 captantem
1671 2111 1780 2154 nec
1811 2111 2067 2172 umquam
2097 2111 2173 2153 ex

185 2179 491 2242 solitudine
516 2198 615 2239 sua
643 2178 1035 2258 prodeuntem,
1064 2181 1168 2238 nisi
1198 2190 1257 2239 ut
1290 2177 1644 2240 solitudinem
1673 2178 1908 2237 faceret.
1950 2176 2055 2237 Ille
2083 2185 2164 2236 ta·
2187 2180 2270 2244 49

184 2282 350 2340 men,
381 2264 583 2342 quibus
617 2264 725 2323 sibi
755 2263 1058 2341 parietibus
1096 2272 1155 2323 et
1185 2265 1355 2322 muris
1384 2261 1622 2322 salutem
1654 2279 1808 2322 suam
1839 2263 1982 2321 tueri
2007 2260 2164 2322 vide·

95 2355 168 2408 25
188 2348 381 2426 batur,
425 2347 612 2407 dolum
642 2365 837 2408 secum
871 2356 929 2407 et
957 2345 1181 2407 insidias
1218 2356 1278 2405 et
1306 2346 1546 2408 ultorem
1577 2345 1863 2406 scelerum
1895 2345 2062 2406 deum
2084 2347 2167 2404 in-

188 2430 378 2492 clusit.
428 2431 677 2493 Dimovit
708 2431 1095 2510 perfregitque
1126 2430 1408 2490 custodias
1438 2447 1621 2508 poena
1646 2429 2035 2508 angustosque
2064 2446 2168 2508 per

185 2514 367 2575 aditus
410 2526 468 2575 et
506 2516 861 2591 obstructos,
907 2532 1018 2575 non
1061 2532 1232 2575 secus
1273 2532 1339 2573 ac
1370 2533 1473 2592 per
1501 2522 1722 2593 apertas
1752 2514 1907 2574 fores
1941 2523 1999 2573 et
2032 2513 2169 2571 invi·

185 2602 353 2659 tantia
388 2598 604 2674 limina,
644 2601 879 2675 inrupit;
933 2598 1222 2676 longeque
1253 2607 1385 2657 tunc
1413 2598 1494 2656 illi
1526 2598 1780 2657 divinitas
1812 2615 1944 2672 sua,
1996 2594 2171 2670 longe

186 2701 386 2742 arcana
415 2682 511 2742 illa
540 2681 743 2741 cubilia
776 2682 1047 2759 saevique
1074 2698 1379 2755 secessus,
1411 2684 1466 2740 in
1488 2698 1630 2759 quos
1655 2682 1854 2739 timore
1882 2688 1938 2738 et
1971 2695 2171 2755 super-

96 2773 173 2828 30
186 2766 277 2826 bia
305 2776 363 2825 et
385 2766 514 2826 odio
546 2766 824 2825 hominum
851 2765 1135 2842 agebatur.
1194 2762 1414 2837 Quanto
1441 2782 1587 2824 nunc
1616 2765 1816 2838 tutior,
1849 2771 2055 2839 quanto
2079 2779 2170 2822 se·

187 2851 377 2911 curior
421 2848 618 2908 eadem
662 2848 895 2924 domus,
946 2857 1245 2927 postquam
1290 2865 1425 2908 non-
1449 2846 1793 2909 crudelitatis
1833 2844 1935 2906 sed
1966 2846 2169 2904 amoris

186 2934 481 3008 excubiis,
534 2949 644 2991 non
685 2932 984 2992 solitudine
1018 2942 1076 2993 et
1126 2932 1386 2992 claustris
1429 2931 1532 2992 sed
1585 2931 1788 2989 civium
1839 2928 2170 2989 celebritate

186 3014 529 3077 defenditur!
569 3014 790 3094 Ecquid
813 3033 953 3093 ergo
979 3014 1247 3076 discimus
1276 3011 1664 3094 experimento
1693 3014 2170 3074 fidissimam‘esse

94 3194 167 3249 35
183 3184 297 3244 hoc
328 3183 766 3260 inexpugnabile
794 3188 1219 3259 munimentum,
1263 3185 1600 3243 munimento
1628 3198 1741 3242 non
1772 3198 1965 3258 egere.
2031 3180 2168 3241 Fru-

184 3277 301 3329 stra
332 3286 397 3328 se
420 3276 638 3326 terrore
667 3269 1007 3328 succinxerit
1035 3268 1130 3345 qui
1152 3276 1349 3344 septus
1380 3268 1608 3326 caritate
1638 3283 1749 3325 non
1779 3265 1973 3325 fuerit:
2003 3266 2167 3323 armis

184 3354 333 3411 enim
363 3369 511 3411 arma
540 3352 842 3411 inritantur.
908 3350 1053 3411 Num
1082 3360 1267 3421 autem
1296 3353 1473 3410 serias
1498 3358 1704 3410 tantum
1735 3358 1924 3428 partes
1956 3348 2168 3408 dierum

99 3460 102 3469 ·
183 3437 242 3495 in
274 3434 455 3494 oculis
485 3436 692 3496 nostris
737 3443 1019 3514 coetuque
1064 3431 1390 3497 consumis?
1446 3452 1559 3496 non
1594 3432 2016 3495 remissionibus
2058 3430 2169 3490 tuis
