2467 3850
316 162 438 227 170
1153 161 1218 223 C.
1264 159 1457 222 PLINI

312 318 540 379 daturus
570 319 627 378 in
655 334 845 379 manus
879 316 1165 377 hominum
1202 324 1334 376 ante
1372 317 1681 377 amicorum
1720 315 1931 377 iudicio
1963 314 2303 391 examinare,

309 404 365 463 in
399 403 591 482 primis
622 410 739 463 tuo.
805 400 1080 478 Proinde,
1124 399 1465 479 siquando,
1511 419 1661 462 nunc
1691 399 1919 461 intende
1950 398 2094 461 libro
2139 417 2307 479 quem

278 557 284 563 ,
310 504 439 548 cum
466 486 572 547 hac
603 485 846 565 epistula
877 487 1153 565 accipies,
1180 487 1308 564 quia
1335 502 1545 546 vereor
1572 504 1644 545 ne
1667 486 1794 564 ipse
1823 494 1883 544 ut
1904 486 2081 544 tristis
2112 500 2306 563 parum

306 570 659 631 intenderim.
704 568 991 649 Imperare
1024 570 1172 630 enim
1204 569 1386 629 dolori
1408 579 1469 629 ut
1494 570 1807 631 scriberem
1833 568 2015 648 potui,
2041 577 2104 628 ut
2125 586 2306 629 vacuo

307 658 489 717 auimo
519 655 790 733 laetoque
818 671 930 715 non
959 655 1138 733 potui.
1205 652 1384 714 Porro
1424 662 1487 715 ut
1529 673 1605 715 ex
1642 652 1843 715 studiis
1884 652 2180 732 gaudium,
2221 651 2356 717 sies

308 740 491 801 studia
513 739 791 800 hilaritate
822 739 1179 819 proveniunt.
1242 737 1406 800 Vale.
1431 782 1467 823 ¹,

883 971 939 1027 c.
978 971 1224 1023 Pmuus
1263 970 1476 1022 GALLO
1511 970 1633 1023 suo
1670 970 1723 1022 s,

257 1085 286 1135 1
421 1074 510 1135 Ad
541 1093 687 1154 quae
715 1072 1005 1136 noscenda
1033 1075 1144 1136 iter
1172 1073 1415 1152 ingredi,
1450 1074 1828 1136 transmittere
1854 1091 2008 1136 mare
2029 1073 2304 1154 solemus,
2326 1088 2388 1141 10

306 1177 374 1219 ea
403 1159 510 1220 sub
545 1160 728 1219 oculis
758 1161 943 1238 posita
968 1158 1362 1237 neglegimus,
1394 1177 1499 1218 seu
1534 1160 1662 1238 quia
1693 1161 1767 1219 ita
1793 1169 1987 1220 natura
2016 1176 2304 1238 compara-

304 1252 420 1303 tum
450 1253 509 1303 ut
550 1246 934 1324 proximorum
971 1245 1242 1305 incuriosi
1281 1243 1591 1322 longinqua
1631 1253 1951 1321 sectemur,
2001 1261 2114 1304 seu·
2150 1244 2305 1324 quod

305 1330 548 1387 omnium
569 1347 757 1389 rerum
784 1328 990 1407 cupido
1014 1326 1357 1405 languescit,
1385 1344 1512 1387 cum
1537 1327 1722 1389 facilis
1749 1330 2004 1407 occasio,
2029 1346 2135 1389 seu
2154 1329 2306 1406 quod

306 1411 613 1473 differimus
647 1421 924 1492 tamquam
967 1430 1143 1491 saepe
1184 1413 1360 1472 visuri
1391 1411 1543 1491 quod
1584 1412 1744 1472 datur
1764 1411 1994 1490 videre,
2043 1416 2306 1493 quotiens

253 1495 449 1559 2velis
480 1513 735 1557 cernere.
803 1496 1174 1574 Quacumque
1203 1496 1277 1556 de
1311 1514 1514 1574 causa,
1547 1496 1827 1575 permulta
1860 1498 1917 1556 in
1945 1497 2086 1557 urbe
2115 1507 2307 1558 nostra
2327 1504 2388 1559 15
2459 1532 2460 1541 κ

305 1580 571 1660 iuxtaque
602 1582 801 1642 urbem
828 1599 941 1641 non
978 1580 1160 1641 oculis
1201 1580 1372 1641 modo
1402 1580 1508 1642 sed
1535 1600 1608 1641 ne
1641 1582 1867 1642 auribus
1896 1581 2124 1660 quidem
2150 1583 2310 1642 novi·

305 1681 452 1743 mus,
479 1683 624 1744 quae
650 1667 700 1727 si
727 1665 956 1727 tulisset
984 1665 1227 1743 Achaia,
1261 1665 1560 1745 Aegyptos
1580 1711 1599 1743 ,
1636 1666 1775 1726 Asia
1809 1665 1990 1727 aliave
2019 1665 2312 1744 quaelibet

305 1749 700 1810 miraculorum
752 1751 912 1811 ferax
963 1749 1517 1828 commendatrixque
1572 1759 1756 1828 terra,
1813 1749 1998 1812 audita
2051 1750 2314 1829 perlecta

253 1830 538 1897 3lustrata
565 1832 922 1896 haberemus.
981 1833 1116 1915 lpse
1148 1844 1305 1895 certe
1336 1848 1521 1914 nuper
1554 1834 1706 1915 quod
1734 1852 1842 1894 nec
1866 1834 2149 1895 audieram
2178 1844 2311 1896 ante

304 1935 414 1978 nec
441 1917 688 1981 videram
719 1919 905 1980 audivi
933 1921 1146 1999 pariter
1173 1929 1232 1980 et
1256 1917 1391 1980 vidi.
1434 1918 1724 1997 Exegerat
1750 1936 2030 1997 prosocer
2056 1937 2217 1981 meus
2248 1928 2308 1980 ut
2325 1928 2393 1983 20

304 2002 569 2065 Amerina
619 2004 846 2082 praedia
895 2022 999 2064 sua
1060 2006 1420 2083 inspicerem.
1511 2003 1667 2065 Haec
1717 2003 2124 2082 perambulanti
2174 2004 2311 2063 mihi
2452 2049 2463 2080 ⁴

305 2086 621 2147 ostenditur
662 2088 963 2148 subiacens
993 2086 1153 2148 lacus
1193 2090 1417 2148 nomine
1444 2086 1798 2148 Vadimonis:
1839 2088 2005 2148 simul
2035 2088 2312 2168 quaedam

253 2170 657 2233 4incredibilia
686 2180 995 2231 narrantur.
1055 2170 1298 2232 Perveni
1323 2172 1395 2232 ad
1428 2173 1635 2251 ipsum.
1701 2172 1881 2233 Lacus
1912 2181 2001 2233 est
2029 2174 2084 2231 in
2113 2171 2310 2232 simili-

302 2253 553 2313 tudinem
574 2256 810 2316 iacentis
840 2264 1001 2316 rotae
1029 2258 1490 2336 circumscriptus
1520 2264 1579 2317 et
1600 2257 1846 2334 undique
1870 2256 2154 2338 aequalis:
2183 2255 2310 2317 nul·

304 2335 394 2396 lus
429 2338 606 2415 sinus,
638 2337 939 2418 obliquitas
968 2340 1141 2418 nulla,
1173 2342 1357 2400 omnia
1383 2340 1653 2418 dimensa,
1681 2343 1835 2421 paria
1864 2350 1922 2402 et
1951 2342 2110 2420 quasi
2139 2343 2309 2402 artiii·
2326 2343 2392 2398 25

305 2422 389 2480 cis
420 2438 583 2481 manu
614 2432 807 2485 cavata
843 2432 902 2485 et
933 2427 1141 2485 excisa.
1211 2423 1389 2484 Color
1414 2424 1643 2486 caerulo
1674 2424 1947 2503 albidior,
1988 2424 2223 2485 viridior
2250 2435 2313 2487 et

302 2506 589 2585 pressior,
636 2507 886 2586 sulpuris
924 2508 1066 2569 odor
1105 2525 1391 2587 saporque
1437 2509 1777 2587 medicatuS,
1826 2512 1950 2587 vis,
1991 2527 2101 2588 qua
2130 2510 2314 2571 fracta

302 2589 632 2651 solidantur.
695 2593 949 2671 Spatium
988 2592 1304 2669 modicum,
1357 2594 1509 2672 quod
1550 2603 1736 2653 tamen
1777 2595 1980 2654 sentiat
2009 2604 2217 2656 ventos
2250 2603 2313 2655 et

250 2681 284 2733 5
302 2673 565 2737 fluctibus
595 2679 951 2738 intumescat.
1007 2675 1174 2736 Nulla
1208 2678 1266 2736 iu
1297 2676 1411 2738 hoc
1439 2678 1595 2739 navis
1628 2678 1828 2756 (sacer
1856 2678 2059 2757 enim),
2090 2678 2198 2739 sed
2225 2679 2313 2738 in·

300 2769 490 2820 natant
533 2761 785 2840 insulae,
830 2761 1100 2822 herbidae
1138 2777 1333 2822 omnes
1363 2760 1671 2822 harundine
1702 2770 1761 2823 et
1788 2763 1993 2838 iunco,
2043 2765 2397 2841 quaequeffl)

302 2842 408 2904 alia
450 2844 748 2905 fecundior
775 2844 938 2925 palus
970 2848 1209 2924 ipsaque
1244 2845 1341 2905 illa
1373 2848 1696 2907 extremitas
1731 2846 1889 2906 lacus
1934 2847 2122 2911 effert.
2193 2847 2313 2907 Sua

304 2926 509 3005 cuique
544 2929 721 3006 figura
750 2939 810 2989 ut
848 2929 1076 2989 modus:
1122 2932 1342 2991 cunctis
1374 2947 1566 3008 margo
1597 2929 1859 3009 derasus,
1889 2932 2015 3010 quia
2039 2930 2312 3009 frequen-

299 3016 393 3068 ter
420 3009 514 3070 vel
544 3010 695 3072 litori
725 3012 821 3073 vel
856 3014 962 3075 sibi
998 3012 1196 3074 inlisae
1234 3024 1425 3075 terunt
1461 3022 1851 3093 terunturque.
1911 3012 2016 3074 Par
2044 3014 2314 3074 omuibus

301 3090 570 3171 altitudo,
612 3114 715 3175 par
742 3095 972 3165 levitas:
1015 3100 1228 3177 quippe
1261 3100 1318 3158 iu
1348 3098 1606 3179 speciem
1634 3101 1857 3159 carinae
1885 3098 2077 3158 humili
2110 3097 2312 3160 radice

250 3174 675 3244 fidescendunt.
716 3178 893 3252 ‚Haec
934 3181 1004 3241 ab
1051 3184 1199 3241 omni
1244 3181 1423 3243 latere
1466 3184 1811 3262 perspicitur
1850 3181 2163 3261 eademque
2209 3190 2395 3245 su-35

302 3277 512 3337 spensa
559 3264 771 3340 pariter
807 3274 865 3323 et
901 3282 1104 3324 mersa.
1169 3264 1455 3326 interdum
1502 3268 1725 3327 iunctae
1779 3266 2196 3345 copulataeque
2250 3275 2314 3327 et

303 3344 609 3403 continenti
653 3346 866 3406 similes
909 3357 1074 3424 sunt,
1119 3349 1398 3409 interdum
1442 3348 1894 3410 discordantibus
1924 3351 2111 3410 ventis
2144 3349 2311 3428 dige-

300 3434 527 3503 runtur,
559 3444 671 3487 non
695 3447 991 3508 numquam
1019 3429 1320 3492 destitutae
1351 3433 1750 3513 tranquillitate
1780 3433 2036 3513 singulae
2068 3433 2308 3495 fluitant.
