2467 3850
776 172 1294 242 EPISTULARUM
1324 180 1476 243 vlll.
1522 191 1604 245 14.
2051 183 2173 248 165

187 337 305 389 tam
330 326 552 391 diversa
582 333 947 393 censentium.
990 332 1194 412 Adque
1215 333 1360 395 adeo
1384 333 1645 412 permitte
1673 331 1805 394 mihi
1832 335 1914 395 sic
1936 335 2081 413 apud
2116 347 2171 399 te
2193 347 2257 399 16

188 422 468 492 tamquam
493 415 600 492 ibi,
635 418 721 476 sic
750 426 978 495 peracta
1005 436 1067 476 re
1097 427 1371 495 tamquam
1396 417 1856 496 adhucintegra,
1899 420 2171 479 rationem

159 497 381 557 ·iudicii
409 500 519 557 mei
546 498 821 577 reddere,
865 518 1122 578 quaeque
1152 510 1286 561 tuuc
1318 502 1549 578 carptim
1575 502 1761 561 multis
1793 503 2170 581 obstrepenti·

187 580 295 640 bus
331 580 446 640 dixi
486 600 633 642 nunc
677 601 784 662 per
810 585 982 643 otium
1010 585 1268 661 iungere.
1321 584 1618 662 Fingamus
1641 594 1759 645 tres
1783 588 2003 645 omnino
2032 585 2170 645 iudi-
2192 594 2256 648 17

133 677 170 727 5
190 682 292 724 ces
317 666 373 724 in
400 664 542 725 hanc
571 684 794 727 causam
829 666 988 728 datos
1017 685 1182 744 esse,
1229 666 1429 727 borum
1463 669 1555 726 uni
1577 666 1863 746 placuisse
1893 671 2081 747 perire
2108 669 2173 729 li·

186 747 408 825 bertos,
443 747 604 808 alteri
633 749 900 827 relegari,
931 753 1101 811 tertio
1129 751 1377 812 absolvi:
1410 761 1665 811 utrumne
1694 755 2004 812 sententiae
2030 753 2173 814 duae

186 830 412 892 collatis
453 833 665 894 viribus
696 836 1051 894 novissimam
1087 832 1406 911 periment?
1441 853 1510 894 an
1539 836 1840 914 separatim
1869 853 1977 896 una
2003 854 2172 914 quae-

186 933 301 993 que
333 916 652 977 tantundem
682 927 944 995 quantum
970 917 1145 977 altera
1175 917 1419 995 valebit,
1453 934 1571 978 'nec
1596 920 1774 996 magis
1810 921 2019 998 poterit
2048 938 2175 980 cum

185 999 438 1059 secunda
466 1002 640 1077 prima
669 1003 893 1061 conecti
924 1019 1088 1078 quam
1113 1002 1362 1062 secunda
1395 1021 1522 1063 cum
1547 999 1754 1061 tertia?
1798 1002 1975 1080 Igitur
2003 1005 2056 1062 in
2079 1023 2171 1064 se·
2197 1012 2257 1064 18

103 1087 172 1139 10
186 1091 317 1141 natu
351 1099 579 1161 quoque
608 1086 883 1145 numerari
922 1095 1199 1163 tamquam
1244 1088 1555 1146 contrariae
1600 1085 1809 1146 debent
1852 1104 1995 1163 quae
2037 1097 2173 1147 tam-

187 1182 352 1244 quam
381 1165 635 1227 diversae
670 1167 944 1229 dicuntur.
1008 1167 1173 1241 Quod
1210 1172 1258 1228 si
1288 1188 1429 1229 unus
1458 1168 1640 1246 adque
1669 1169 1819 1228 idem
1850 1178 1908 1231 et
1932 1170 2174 1248 perden-

185 1248 293 1308 dos
324 1260 589 1313 censeret
620 1261 679 1311 et
704 1249 1078 1329 relegandos,
1121 1271 1252 1312 num
1291 1271 1365 1312 ex
1402 1254 1677 1315 sententia
1706 1256 1867 1312 unius
1899 1263 1956 1313 et
1983 1255 2172 1331 perire

184 1343 427 1412 possent
455 1343 516 1393 et
552 1333 837 1412 relegari?
875 1353 1006 1395 num
1034 1336 1279 1415 denique
1310 1339 1534 1396 omniuo
1569 1355 1675 1396 una
1708 1340 1985 1398 sententia
2013 1347 2171 1417 puta·

183 1426 343 1476 retur
376 1434 519 1495 quae
561 1426 671 1477 tam
714 1418 934 1479 diversa
989 1418 1403 1497 coniungeret?
1461 1419 1936 1493 Quemadmodum
1980 1423 2168 1499 igitur,
2190 1429 2255 1483 19

8 1526 11 1563 ν
103 1509 168 1561 15
187 1518 315 1560 cum
343 1499 487 1561 alter
526 1502 872 1578 puniendos,
910 1502 1054 1562 alter
1095 1513 1327 1563 censeat
1355 1503 1730 1581 relegandos,
1777 1505 1954 1565 videri
1980 1516 2172 1583 potest

184 1601 294 1644 una
323 1586 630 1662 sententia,
673 1588 800 1663 quia
830 1585 1032 1645 dicitur
1059 1605 1090 1647 a
1119 1586 1371 1663 duobus,
1406 1606 1550 1665 quae
1578 1606 1689 1646 uon
1724 1588 2010 1648 videretur
2039 1606 2169 1667 una,

185 1669 236 1726 si
268 1668 338 1727 ab
370 1685 482 1726 uno
522 1666 846 1729 diceretur?
890 1667 1079 1742 Quid?
1122 1669 1220 1730 lex
1249 1688 1361 1730 non
1399 1680 1598 1748 aperte
1637 1670 1809 1731 docet
1850 1671 2029 1731 dirimi
2073 1672 2170 1733 de-

82 1745 94 1754 ’
185 1751 328 1811 bere
358 1754 665 1812 sententias
696 1752 1009 1813 occidentis
1041 1762 1100 1812 et
1125 1754 1469 1830 relegantis,
1502 1771 1628 1812 cum
1656 1755 1730 1813 ita
1758 1754 2172 1816 discessionem

187 1834 309 1895 fieri
344 1835 520 1912 iubet,
553 1838 671 1915 ‘qui
699 1836 842 1897 haec
873 1837 1126 1912 sentitis,
1169 1838 1225 1895 in
1255 1836 1399 1897 hanc
1430 1846 1677 1915 partem,
1710 1838 1804 1915 qui
1833 1838 1939 1897 alia
1966 1839 2168 1915 omnia,

97 1920 239 1978 2oin
257 1916 407 1978 illam
425 1930 639 1999 partem
665 1922 744 1981 ite
769 1940 878 1999 qua
910 1916 1210 1981 sentitis'?
1251 1918 1518 1981 Examina
1546 1919 1767 1998 singula
1793 1920 1965 1980 verba
1993 1931 2052 1981 et
2074 1941 2172 1981 ex·

184 2002 405 2083 pende:
447 2007 566 2082 ‘qui
596 2003 739 2065 haec
770 2008 1052 2082 sentitis’,
1098 2004 1211 2064 hoc
1254 2012 1346 2065 est
1398 2007 1492 2083 qui
1546 2004 2170 2082 relegandos‘putatis:

186 2089 267 2146 ‘in
297 2087 440 2148 hanc
463 2093 726 2167 partem’‚
759 2088 816 2147 id
845 2099 934 2150 est
975 2091 1029 2148 in
1078 2106 1199 2148 eam
1228 2091 1284 2148 in
1316 2106 1425 2167 qua
1454 2088 1618 2148 sedet
1649 2091 1743 2166 qui
1774 2089 1994 2149 censuit
2021 2088 2171 2149 rele-

183 2170 418 2248 gandos.
463 2170 554 2230 Ex
585 2189 698 2251 quo
728 2173 1081 2234 manifestum
1111 2182 1200 2232 est
1235 2190 1347 2232 non
1378 2190 1556 2251 posse
1588 2175 1641 2232 in
1669 2172 1863 2234 eadem
1891 2182 2053 2250 parte
2081 2180 2254 2236 re·2o

86 2279 106 2302 e
182 2272 411 2315 manere
459 2273 562 2315 eos
605 2257 701 2335 qui
741 2256 1160 2317 interficiendos
1200 2257 1549 2318 arbitrantur.
1614 2256 1748 2328 ‘Qui
1787 2256 1893 2316 alia
1934 2258 2167 2315 omnia':

95 2344 168 2397 25
184 2339 573 2400 animadvertis
597 2351 786 2400 utnon
812 2350 1074 2402 contenta
1093 2339 1190 2402 lex
1208 2340 1403 2401 dicere
1424 2341 1580 2400 ‘alia'
1611 2340 1882 2401 addiderit
1914 2342 2169 2401 ‘omnia'.

183 2421 330 2481 Num
383 2441 524 2500 ergo
578 2424 804 2484 dubium
851 2436 940 2486 est
984 2424 1091 2484 alia
1139 2427 1322 2485 omnia
1364 2426 1575 2486 sentire
1621 2442 1724 2486 eos
1767 2425 1862 2503 qui
1906 2424 2171 2485 occidunt

183 2523 348 2583 quam
377 2509 471 2585 qui
501 2505 800 2585 relegant?
853 2508 937 2568 ‘ln
976 2509 1126 2568 illam
1164 2519 1383 2587 partem
1423 2511 1499 2571 ite
1532 2527 1638 2587 qua
1668 2511 1940 2568 sentitis':
1982 2526 2172 2567 noune

12 2591 15 2658 ἱ
179 2590 406 2650 videtur
434 2592 559 2668 ipsa
598 2590 694 2650 lex
733 2609 836 2650 eos
877 2594 970 2670 qui
1001 2591 1335 2652 dissentiunt
1371 2594 1427 2651 in
1462 2594 1792 2652 contrariam
1825 2601 2038 2669 partem
2068 2608 2169 2650 vo-

12 2665 30 2690 *
182 2691 338 2751 care,
374 2691 611 2751 cogere,
640 2672 965 2752 inpellere?
996 2691 1109 2733 nou
1141 2675 1343 2735 consul
1374 2678 1539 2734 etiam
1584 2675 1679 2734 ubi
1722 2676 1961 2751 quisque
1989 2690 2168 2732 rema-

94 2771 356 2833 30uere,
395 2774 510 2833 quo
548 2758 866 2834 transgredi
912 2758 1147 2833 debeat,
1205 2777 1318 2818 non
1347 2767 1553 2818 tantum
1581 2757 1947 2817 sollemnibus
1976 2755 2167 2816 verbis

180 2840 285 2902 sed
325 2857 487 2898 manu
529 2849 812 2918 gestuque
849 2838 1233 2901 demonstrat?
1284 2840 1374 2900 Ad
1413 2843 1558 2901 enim
1585 2841 1831 2899 futurum
1861 2846 1951 2900 est
1984 2846 2077 2915 ut,
2118 2840 2167 2899 si
2184 2851 2249 2903 21

179 2922 494 2985 dividantur
522 2925 835 2983 sententiae
867 2924 1253 2984 interficientis
1278 2933 1336 2983 et
1363 2923 1693 3000 relegantiS,
1726 2921 2049 3000 praevaleat
2072 2921 2167 2983 illa

182 3026 327 3087 quae
358 3006 621 3066 absolvit.
657 3005 804 3079 Quid
838 3006 987 3066 istud
1009 3004 1080 3064 ad
1102 3005 1448 3067 censentes?
1499 3023 1642 3085 quos
1673 3014 1832 3065 certe
1863 3023 1974 3066 non
1997 3005 2167 3068 decet

184 3092 441 3152 omnibus
473 3091 707 3168 artibus,
740 3093 888 3149 omni
916 3092 1132 3150 ratione
1160 3108 1412 3168 pugnare
1443 3109 1514 3149 ne
1544 3092 1637 3149 fiat
1662 3089 1813 3168 quod
1842 3099 1931 3149 est
1961 3092 2163 3150 mitius.

93 3186 165 3239 35
182 3175 424 3254 Oportet
463 3185 647 3235 tamen
683 3192 786 3235 eos
826 3175 922 3252 qui
960 3173 1193 3252 puniunt
1237 3184 1297 3234 et
1328 3175 1420 3251 qui
1449 3172 1706 3251 relegant
1740 3173 2166 3234 absolventibus

181 3261 440 3338 primum,
468 3277 600 3319 mox
621 3261 768 3319 inter
789 3276 854 3318 se
881 3260 1212 3336 comparari.
1258 3258 1493 3318 Scilicet
1515 3259 1651 3317 utin
1676 3257 2021 3335 spectaculis
2044 3259 2165 3335 qui-

181 3342 416 3403 busdam
459 3361 583 3403 sors
625 3342 869 3420 aliquem
912 3345 1139 3421 seponit
1170 3359 1242 3402 ac
1282 3350 1472 3403 servat
1501 3343 1596 3421 qui
1629 3359 1753 3401 cnm
1783 3344 2000 3402 victore
2030 3357 2164 3400 con·

180 3425 393 3505 tendat,
428 3428 513 3486 sic
540 3429 595 3486 in
625 3437 824 3488 senatu
860 3437 988 3488 sunt
1015 3426 1200 3506 aliqua
1228 3429 1437 3507 prima,
1468 3435 1597 3487 suut
1625 3425 1876 3487 secunda
1911 3427 2164 3487 certami-
