2467 3850
333 182 458 248 260
1184 181 1250 243 C.
1293 179 1483 244 PLINI

333 336 574 409 ceteris,
603 335 714 395 nisi
743 333 881 395 illud
910 334 1205 412 litigatoris
1235 333 1596 413 amplitudine
1616 334 1880 395 metiaris.
1936 332 2075 394 Sors
2099 340 2157 393 et
2178 349 2321 394 urna

333 420 476 480 fisco
518 417 761 478 iudicem
799 419 1081 496 adsignat:
1133 418 1268 479 licet
1308 421 1566 494 reicere,
1617 417 1756 477 licet
1797 415 2112 477 exclamare
2144 417 2320 476 ‘hunc

329 502 497 579 nolo,
539 501 761 562 timidus
790 511 880 563 est
910 513 967 564 et
997 504 1141 563 bona
1164 500 1377 561 saeculi
1399 518 1595 580 pamm
1627 501 1935 578 intellegit:
1979 501 2137 560 illum
2156 499 2319 578 volo,

330 590 460 667 quia
493 583 1042 647 Caesaremfortiter
1069 591 1258 647 amat’.
1311 584 1534 645 Eodem
1562 584 1687 645 foro
1717 594 1941 646 utuntur
1968 586 2319 664 principatus

330 680 391 731 et
430 670 682 730 libertas.
754 668 912 743 Quae
941 673 1245 751 praecipua
1282 679 1377 729 tua
1414 668 1595 747 gloria
1632 677 1753 750 est,
1804 671 2032 747 saepius
2077 670 2374 730 vincitur5

332 756 532 823 fiscus3
564 755 722 814 cuius
750 754 894 814 mala
928 773 1095 814 causa
1124 771 1416 833 numquam
1439 762 1550 829 est,
1585 755 1693 812 nisi
1723 753 1829 813 sub
1862 753 2009 813 bono
2031 754 2316 832 principe.

331 838 539 916 Ingens
567 838 678 897 hoc
706 840 989 898 meritum:
1021 841 1195 900 maius
1221 836 1392 918 illud,
1426 836 1583 915 quod
1595 854 1699 897 eos
1718 847 2118 916 procuratores
2140 836 2320 898 habes

333 931 393 983 ut
435 922 769 1000 plerumque
815 925 971 982 cives
1012 924 1091 982 tui
1122 940 1233 981 non
1264 920 1405 981 alios
1437 920 1652 980 iudices
1677 920 1883 982 malint.
1940 920 2202 981 Liberum
2229 928 2322 979 est

332 1016 517 1067 autem
542 1004 870 1066 discriminis
896 1005 1052 1068 ‘nolo
1076 1024 1202 1065 eum
1224 1006 1489 1082 eligere’.
1524 1002 1726 1083 Neque
1752 1007 1900 1064 enim
1925 1003 2093 1066 ullam
2114 1021 2321 1064 neces-

334 1092 553 1152 sitatem
581 1091 900 1150 muneribus
930 1092 1041 1151 tuis
1070 1089 1257 1166 addis,
1289 1099 1348 1150 ut
1384 1091 1478 1167 qui
1508 1091 1655 1148 scias
1686 1088 1829 1148 hanc
1853 1106 1982 1149 esse
2008 1088 2319 1149 beneficio-
2337 1102 2400 1154 ιο

335 1193 458 1235 rum
488 1174 870 1252 principalium
899 1192 1195 1251 summam,
1224 1177 1272 1234 si
1303 1174 1427 1234 illis(
1449 1182 1508 1233 et
1534 1190 1646 1232 non
1674 1175 1754 1232 uti
1787 1172 1940 1232 licet.

234 1255 313 1322 37
463 1257 649 1318 Onera
687 1260 903 1335 imperii
938 1258 1207 1337 pleraque
1251 1257 1552 1334 vectigalia
1591 1257 1800 1316 institui
1842 1266 1904 1317 ut
1942 1273 2047 1335 pro
2081 1255 2324 1315 utilitate

336 1342 613 1403 communi
638 1343 713 1402 ita
736 1341 1077 1418 singulorum
1099 1344 1308 1410 iniuriis
1333 1349 1664 1419 coegerunt.
1696 1339 1803 1401 -His
1827 1341 2095 1401 vicesima
2120 1357 2322 1417 reper-

334 1436 391 1487 ta
420 1434 543 1500 est,
585 1424 849 1483 tributum
879 1424 1172 1486 tolerabile
1205 1435 1263 1485 et
1292 1424 1460 1485 facile
1491 1423 1795 1484 heredibus
1826 1424 2106 1485 dumtaxat
2136 1432 2321 1483 extra·

334 1511 490 1583 neis,
524 1508 860 1568 domesticis
878 1527 1069 1586 grave.
1142 1507 1338 1588 Itaque
1368 1509 1480 1569 illis
1512 1512 1825 1585 inrogatum
1857 1518 1978 1585 est,
2010 1508 2099 1568 his
2122 1509 2323 1567 remis·
2338 1518 2397 1570 15

336 1611 484 1660 sum;
510 1591 809 1669 videlicet,
842 1591 994 1670 quod
1024 1593 1376 1651 manifestum
1405 1601 1524 1653 erat
1552 1602 1761 1684 quanto
1782 1610 1906 1651 cum
1926 1591 2125 1652 dolore
2153 1590 2322 1652 laturi

336 1694 442 1737 seu
469 1677 657 1755 potius
685 1694 797 1736 non
825 1675 986 1735 laturi
1014 1677 1268 1748 homines
1300 1686 1493 1737 essent
1516 1654 1789 1753 destringi
1813 1676 2024 1754 aliquid
2046 1685 2107 1735 et
2127 1674 2322 1734 abradi

334 1762 499 1822 bonis
535 1778 677 1838 quae
707 1762 1010 1837 sanguine,
1054 1741 1401 1836 gentilitate,
1447 1777 1732 1822 sacrorum
1764 1759 2004 1838 denique
2040 1761 2322 1820 societate

334 1846 706 1920 meruissent,
758 1861 1017 1922 quaeque
1045 1860 1342 1921 numquam
1370 1851 1429 1903 ut
1468 1842 1646 1906 aliena
1674 1852 1732 1903 et
1764 1845 2071 1922 speranda,
2125 1840 2229 1902 sed
2260 1851 2323 1902 ut
2456 1915 2457 1918 Ἴ

336 1948 439 1989 sua
478 1947 819 2007 semperque
860 1946 1133 2007 possessa
1172 1946 1241 1987 ac
1281 1926 1551 2005 deindeps
1593 1930 1850 2004 proximo
1895 1928 2099 2006 cuique
2144 1934 2404 1987 trans-20

334 2013 598 2074 mittenda
643 2014 947 2090 cepissent.
1016 2010 1173 2072 Haec
1213 2009 1579 2070 mansuetudo
1606 2011 1751 2087 legis
1782 2013 2070 2072 veteribus
2101 2011 2323 2070 civibus

335 2097 688 2158 servabatur:
709 2097 863 2173 novi,
882 2114 985 2167 seu
1009 2112 1112 2172 per
1131 2093 1346 2154 Latium
1365 2096 1422 2154 in
1442 2095 1721 2154 civitatem
1743 2113 1846 2155 seu
1870 2095 2147 2156 beneficio
2170 2095 2323 2174 prin-

337 2181 484 2257 cipis
508 2182 830 2257 venissent,
871 2181 976 2239 nisi
1008 2178 1172 2239 simul
1201 2179 1552 2255 cognationis
1581 2179 1697 2238 iura
1728 2178 2135 2256 inpetrassent,
2184 2178 2323 2238 alie-

336 2265 551 2323 nissimi
579 2264 920 2324 habebantur
948 2264 1148 2340 quibus
1180 2263 1620 2325 coniunctissimi
1647 2260 1881 2323 fuerant.
1926 2262 2010 2322 Ita
2030 2265 2325 2322 maximum

336 2347 675 2407 beneficium
698 2347 1022 2406 vertebatur
1049 2348 1106 2405 in
1135 2348 1518 2423 gravissimam
1547 2346 1828 2422 iniuriam,
1862 2348 2175 2425 civitasque
2206 2340 2402 2409 Ro·25
2454 2400 2455 2411 ,

337 2447 496 2489 mana
524 2431 695 2488 instar
723 2439 843 2489 erat
870 2429 983 2488 odii
1014 2438 1072 2488 et
1101 2429 1415 2489 discordiae
1443 2438 1499 2490 et
1543 2428 1799 2489 orbitatis
1817 2474 1835 2505 ,
1880 2448 2006 2488 cum
2036 2432 2328 2491 carissima

339 2514 577 2594 pignora
608 2513 762 2574 salva
789 2516 1039 2592 ipsorum
1065 2515 1277 2591 pietate
1299 2512 1655 2579 distraheret.
1686 2511 2118 2574 Inveniebantur
2136 2523 2327 2574 tamen

337 2598 542 2677 quibus
581 2606 764 2659 tantus
804 2613 960 2656 amor
995 2598 1232 2659 nominis
1265 2598 1441 2657 nostri
1469 2599 1684 2656 inesset
1712 2607 1772 2657 ut
1799 2595 2100 2656 Romanam
2128 2599 2327 2658 civita-

336 2692 451 2743 tem
482 2699 593 2742 non
622 2684 925 2743 vicesimae
961 2682 1130 2741 modo
1159 2698 1356 2740 verum
1385 2682 1548 2739 etiam
1580 2680 1916 2741 adfinitatum
1946 2680 2141 2741 damno
2171 2681 2323 2741 bene

338 2769 671 2845 conpensari
701 2775 983 2843 putarent;
1039 2763 1140 2825 sed
1177 2766 1247 2824 iis
1285 2766 1518 2823 maxime
1558 2764 1801 2826 debebat
1830 2767 2070 2840 gratuita
2109 2765 2404 2824 contin-3⁰

336 2869 478 2927 gere
504 2869 536 2910 a
559 2851 762 2929 quibu's
784 2861 896 2911 tam
926 2865 1126 2926 magno
1151 2848 1562 2909 aestimabatur.
1607 2847 1785 2924 Igitur
1808 2858 1969 2926 pater
1995 2856 2121 2907 tuus
2144 2850 2332 2908 sanxit

335 2945 397 2996 ut
427 2934 579 3013 quod
609 2953 683 2994 ex
715 2934 901 2994 matris
933 2932 1001 2992 ad
1030 2931 1274 3009 liberos,
1321 2950 1397 2992 ex
1434 2930 1743 2991 liberorum
1770 2931 1934 2991 bonis
1964 2933 2329 3008 pervenisset

337 3017 409 3077 ad
436 3026 667 3077 matrem
682 3063 699 3093 ,
736 3018 954 3084 etiamsi
984 3018 1378 3094 cognationum
1404 3017 1522 3075 iura
1540 3033 1654 3076 non
1676 3017 2065 3094 recepissent,
2099 3032 2224 3073 cum
2246 3016 2327 3074 ci-

336 3101 564 3158 vitatem
591 3099 1061 3179 adipiscerentur,
1095 3101 1216 3159 eius
1249 3100 1572 3160 vicesimam
1597 3117 1670 3158 ne
1700 3097 1909 3159 darent.
1961 3097 2213 3158 Eandem
2242 3098 2326 3158 iu·

339 3183 743 3242 munitatem‘in
772 3185 1022 3261 paternis
1051 3183 1215 3245 bonis
1248 3183 1362 3243 filio
1392 3183 1613 3259 tribuit,
1655 3183 1703 3242 si
1734 3181 1902 3242 modo
1932 3181 2202 3242 reductus
2232 3190 2406 3245 «ιε-35

344 3274 433 3323 set
463 3266 519 3322 in
547 3266 718 3340 patris
749 3275 1119 3343 potestatem,
1159 3276 1313 3327 ratus
1344 3266 1582 3344 inprobe
1610 3276 1670 3327 et
1700 3265 2013 3326 insolenter
2041 3282 2108 3324 ac
2140 3282 2328 3343 paene

341 3348 494 3423 inpie
534 3345 623 3404 bis
660 3349 970 3407 nominibus
1001 3350 1172 3408 inseri
1202 3348 1592 3426 publicanum,
1635 3366 1745 3409 nec
1770 3351 1896 3409 sine
1928 3348 2152 3426 piaculo
2184 3366 2326 3427 quo·

344 3429 469 3489 dam
516 3428 895 3489 sanctissimas
944 3432 1391 3493 necessitudines
1434 3433 1589 3494 velut
1627 3431 2012 3495 intercedente
2051 3432 2329 3494 vicesima
