2467 3850
628 180 1147 243 EPISTULARUM
1188 182 1284 243 VI.
1328 192 1416 246 27.
1446 192 1529 245 28.
1561 191 1647 247 29.
2024 183 2143 248 127

151 334 435 411 nuntiavi,
469 334 517 393 si
545 343 741 395 rursus
770 345 882 395 tam
910 305 1080 396 multa
1109 334 1461 412 attulissent,
1495 338 1676 395 omnia
1705 334 2002 396 relaturos
2045 336 2195 403 Di-3

154 437 255 479 ces
296 427 567 498 oportere
609 437 699 478 me
722 422 833 479 tuis
872 420 1044 479 rebus
1083 428 1143 478 ut
1182 421 1325 481 meis
1365 421 1476 480 uti:
1524 421 1716 488 etiam;
1766 421 1869 480 sed
1909 421 2142 500 perinde

153 503 265 564 illis
293 521 363 563 ac
392 506 535 563 meis
564 520 758 583 parco.
827 501 987 563 Vale.

997 635 1282 698 XXVIIII.
1331 699 1336 706 ,

651 736 706 789 c,
744 735 996 787 mamus
1033 735 1383 796 QUADRATO
1418 735 1538 787 suo
1578 735 1630 786 s,

273 837 507 899 Avidius
551 837 823 919 Quietus,
868 841 961 919 qui
1001 858 1093 900 me
1131 840 1300 900 unice
1331 838 1551 916 dilexit,
1585 848 1644 899 et
1683 857 1794 918 quo
1823 857 1936 899 non
1964 841 2141 900 minus
2160 859 2189 908 1

153 922 402 1001 gaudee,
433 924 713 1002 probavit,
742 933 803 983 ut
830 923 999 983 multa
1029 923 1134 984 alia
1173 924 1457 984 Thraseae
1491 923 1625 1001 (fuit
1654 925 1801 983 enim
1828 923 2141 1002 familiaris)

151 1010 230 1067 ita
259 1008 370 1067 hoc
397 1025 574 1086 saepe
602 1006 919 1085 referebat,
965 1010 1299 1087 praecipere
1331 1006 1556 1069 solitum
1584 1008 1972 1085 suscipiendas
2010 1025 2142 1067 esse
2211 1051 2224 1072 t

25 1091 27 1096 ’
79 1094 356 1153 lss-eausas
386 1101 480 1151 aut
507 1092 808 1151 amicorum
846 1101 939 1151 aut
968 1092 1261 1152 destitutas
1295 1101 1389 1151 aut
1416 1091 1485 1152 ad
1509 1091 1829 1170 exemplum
1858 1091 2141 1169 pertinen·

105 680 136 732 5

153 1187 262 1237 tes.
334 1173 449 1234 Gur
470 1178 802 1253 amicorum,
841 1193 955 1235 non
986 1185 1122 1254 eget
1149 1177 1637 1255 interpretatione:
1679 1194 1780 1235 cur
1806 1172 2193 1241 destitutas‘I2
2302 1181 2307 1188 “

154 1259 309 1338 quod
337 1261 394 1319 in
421 1258 531 1320 illis
562 1262 796 1320 maxime
837 1270 895 1320 et
924 1263 1232 1320 constantia
1261 1262 1479 1337 agentis
1512 1270 1571 1320 et
1606 1261 1909 1320 humanitas
1943 1278 2141 1319 cerne-

152 1354 335 1404 retur:
379 1362 480 1402 cur
524 1346 855 1423 pertinentis
897 1344 967 1404 ad
997 1341 1359 1423 exemplum?
1405 1346 1533 1422 quia
1569 1344 1866 1423 plurimum
1902 1343 2144 1404 referret

155 1428 362 1487 bonum
388 1446 456 1487 an
484 1428 687 1487 malum
711 1428 1083 1488 induceretur.
1151 1428 1243 1488 Ad
1274 1429 1416 1488 haec
1447 1445 1558 1505 ego
1590 1446 1801 1505 genera
1831 1446 2138 1503 causarum,
2159 1442 2193 1494 3

25 1573 27 1586 ,
82 1517 141 1569 15
155 1512 447 1572 ambitiose
478 1511 755 1590 fortasse,
800 1512 996 1572 addam
1022 1522 1205 1572 tamen
1236 1512 1414 1572 claras
1447 1522 1504 1572 et
1536 1512 1820 1572 inlustres.
1884 1512 2143 1591 Aequum

157 1601 248 1655 est
277 1597 421 1654 enim
448 1614 621 1672 agere
659 1614 772 1656 non
814 1613 1108 1675 numquam
1148 1594 1366 1673 gloriae
1410 1604 1467 1655 et
1505 1596 1716 1672 famae,
1759 1596 1816 1654 id
1856 1606 1945 1656 est
1987 1614 2141 1657 suam

158 1696 401 1739 causam.
457 1679 576 1738 Hos
606 1683 872 1740 terminos
890 1726 907 1757 ,
942 1682 1069 1758 quia
1097 1698 1187 1739 me
1217 1678 1569 1756 consuluisti,
1601 1680 1852 1756 dignitati
1880 1697 1947 1738 ac
1976 1698 2137 1739 vere·

157 1761 393 1822 cundiae
422 1770 549 1821 tuae
581 1773 780 1824 statuo.
837 1764 963 1824 Nec
988 1781 1079 1823 me
1112 1766 1381 1842 praeterit
1413 1779 1575 1822 usum
1605 1772 1663 1822 et
1694 1780 1826 1823 esse
1858 1773 1915 1821 et
1950 1763 2194 1828 haberi4

157 1848 422 1924 optimum
453 1845 671 1907 dicendi
699 1851 1049 1928 magistrum:
1078 1848 1246 1907 video
1273 1850 1437 1906 etiam
1458 1846 1665 1906 multos
1690 1864 1865 1925 parvo
1888 1848 2136 1924 ingenio,

78 1931 358 1995 mlitteris
387 1929 573 2006 nullis,
605 1942 663 1992 ut
691 1933 838 1995 bene
869 1942 1101 2011 agerent
1124 1932 1347 2009 agendo
1378 1940 1737 1991 consecutos.
1785 1930 1900 1990 Sed
1923 1941 1981 1990 et
2003 1931 2140 1990 illud
2159 1946 2190 1996 5

109 2012 112 2013 ⁷
156 2014 309 2094 quod
343 2015 437 2074 vel
466 2012 711 2077 Poliouis
740 2017 834 2077 vel
863 2028 1139 2095 tamquam
1166 2016 1415 2076 Poliouis
1442 2017 1644 2094 accepi
1672 2018 2021 2075 verissimum
2044 2032 2138 2074 ex-

154 2101 382 2177 perior,
415 2100 734 2159 ‘commode
764 2102 980 2178 agendo
1012 2102 1220 2163 factum
1248 2111 1338 2161 est
1366 2110 1426 2160 ut
1456 2117 1630 2178 saepe
1666 2117 1928 2177 agerem,
1966 2115 2139 2176 saepe

156 2183 384 2260 agendo
413 2192 474 2242 ut
503 2185 683 2242 minus
714 2185 1070 2245 commode’:
1102 2188 1230 2264 quia
1260 2185 1482 2246 scilicet
1509 2184 1837 2244 adsiduitate
1867 2185 2032 2242 nimia
2061 2183 2140 2242 fa-

159 2268 345 2329 cilitas
375 2268 551 2344 magis
583 2283 745 2346 quam
773 2267 1039 2347 facultas,
1083 2288 1189 2329 nec
1223 2269 1423 2329 fiducia
1452 2269 1562 2329 sed
1585 2269 1872 2328 temeritas
1901 2276 2140 2346 paratur.

78 2351 283 2411 25Nec
313 2368 451 2410 vero
486 2351 722 2411 Isocrati
753 2370 865 2431 quo
892 2354 1071 2415 minus
1109 2354 1410 2414 haberetur
1435 2372 1680 2413 summus
1722 2363 1908 2412 orator
1949 2351 2192 2417 offecitfi

155 2434 307 2514 quod
348 2435 661 2496 infirmitate
701 2438 900 2514 vocis,
942 2437 1172 2498 mollitia
1199 2439 1430 2514 frontis,
1476 2456 1551 2497 ne
1581 2439 1637 2497 in
1664 2437 1895 2516 publico
1925 2435 2141 2495 diceret

153 2518 563 2598 inpediebatur.
622 2518 861 2580 Proinde
900 2521 1131 2581 multum
1168 2521 1304 2599 lege
1347 2521 1534 2583 scribe
1577 2521 1880 2597 meditare,
1920 2528 1978 2579 ut
2006 2537 2142 2597 pos-

153 2606 272 2680 εἰς,
308 2621 433 2663 cum
462 2603 661 2681 voles,
706 2604 923 2674 dicere3
965 2604 1153 2683 dices,
1202 2624 1327 2665 cum
1356 2605 1511 2664 velle
1542 2604 1798 2664 debebis.
1866 2601 1990 2663 Hoc
2018 2604 2141 2662 fere

154 2696 656 2767 temperamentum
687 2689 814 2766 ipse
844 2691 1081 2749 servavi.
1137 2688 1263 2749 Non
1292 2706 1585 2766 numquam
1604 2689 1965 2763 necessitati,
1997 2705 2141 2764 quae
2161 2698 2192 2753 7

76 2775 291 2852 30pars
331 2773 560 2831 rationis
603 2782 726 2849 est,
769 2774 945 2851 parui.
1008 2772 1117 2850 Egi
1160 2777 1307 2833 enim
1347 2771 1610 2851 quasdam
1636 2790 1668 2831 a
1697 2779 1896 2830 senatu
1931 2773 2138 2848 iussus,

153 2874 270 2935 quo
300 2865 486 2915 tamen
514 2857 571 2915 in
600 2874 834 2916 numero
865 2857 1087 2916 fuerunt
1126 2876 1200 2916 ex
1241 2856 1335 2916 illa
1365 2855 1646 2915 Thraseae
1679 2853 1985 2931 divisione,
2031 2855 2143 2915 hoe

155 2950 247 3000 est
290 2938 361 2998 ad
404 2938 727 3018 exemplum
757 2944 1125 3018 pertinentes
1178 2940 1351 2999 Adfui
1377 2940 1622 2999 Baeticis
1654 2945 1847 2997 contra
1876 2937 2193 3006 Baebium&

152 3023 427 3084 Massam:
481 3027 793 3102 quaesitum
834 3036 925 3086 est
972 3043 1041 3084 an
1082 3023 1258 3084 danda
1296 3033 1454 3083 esset
1491 3024 1802 3100 inquisitio;
1859 3020 1983 3082 data
2033 3034 2138 3083 est.

154 3107 324 3167 Adfui
358 3126 552 3168 rursus
594 3108 773 3168 isdem
803 3109 1170 3188 querentibus
1204 3106 1276 3166 de
1308 3105 1558 3167 Caecilio
1591 3104 1877 3167 Classico:
1923 3111 2143 3185 quaesi·

77 3200 139 3254 35
158 3202 278 3253 tum
322 3203 413 3252 est
454 3210 522 3251 an
567 3194 943 3270 provinciales
995 3202 1054 3252 ut
1114 3193 1306 3251 socios
1348 3193 1743 3269 ministrosque
1782 3192 2141 3270 proconsulis

153 3276 333 3355 plecti
365 3284 686 3355 oporteret;
728 3295 942 3356 poenas
984 3277 1224 3335 luerunt.
1290 3275 1572 3335 Accusavi
1607 3274 1840 3334 Marium
1867 3274 2138 3350 Priscum,
2160 3286 2194 3338 9

152 3363 283 3440 qui,
331 3360 467 3438 lege
504 3361 936 3441 repetundarum
979 3360 1296 3437 damnatus,
1339 3360 1598 3419 utebatur
1635 3359 1929 3420 clementia
1969 3359 2138 3436 legiS,

154 3448 316 3508 cuius
360 3446 723 3507 severitatem
760 3447 1075 3506 inmanitate
1122 3446 1410 3505 criminum
1452 3453 1809 3513 excesserat;
1853 3444 2138 3520 relegatus
